2361 3643
790 148 960 189 LXXIII.
1021 150 1050 187 C
1079 149 1114 187 A
1144 147 1178 187 U
1208 148 1231 185 S
1260 148 1296 185 A
1354 147 1387 184 D
1417 146 1449 185 E
1477 147 1506 184 1.
2137 145 2220 189 659

126 248 189 284 79.
215 244 284 282 Sed
315 253 401 280 vera
430 242 537 280 radix
565 243 688 291 lapsus
710 245 765 278 est
785 243 822 278 in
844 242 1114 290 imperfectione
1142 271 1143 275 ,
1168 240 1215 277 ad
1235 240 1320 276 novi
1341 241 1504 289 corporis
1525 240 1685 288 organici
1706 240 1962 289 perfectionem
1982 242 2222 281 necessarium

62 317 123 343 seu
143 304 390 340 imbecillitate
410 306 654 339 creaturarum
682 301 870 348 originali,
897 311 990 347 quac
1009 301 1116 336 sacie—
1170 298 1348 346 praeberi.

62 366 137 411 bat,
159 366 199 398 ut
218 364 405 408 peccatum
428 361 587 408 optimae
608 360 711 395 serici
733 370 856 395 rerum
874 359 1039 405 possibili
1059 359 1115 394 in·
1232 357 1299 394 83.
1322 357 1378 392 Ita
1398 357 1573 392 tolluntur
1593 356 1833 405 difficultates,
1855 361 1933 394 tum
1949 358 2222 406 Philosophicae

61 424 176 469 esset,
213 421 258 457 de
293 430 366 466 quo
400 430 519 466 supra.
581 418 686 454 Unde
701 418 779 462 jam
802 419 937 453 sactum
965 420 1038 463 est,
1075 419 1115 452 ut
1171 415 1216 450 de
1237 415 1374 460 origine
1394 416 1593 450 formarum
1613 419 1648 451 et
1668 416 1891 463 animarum,
1923 417 2134 464 animaeque
2154 419 2222 454 im-

61 480 201 527 lapsus,
239 489 313 514 non
335 478 502 513 obstante
538 477 660 512 divina
696 477 827 511 virtute
856 479 894 511 et
921 475 1112 522 sapientia,
1173 473 1446 521 materialitate,
1474 473 1636 519 adeoque
1657 473 1989 522 impartiabilitate,
2011 486 2103 522 quae
2122 477 2220 524 facit,

61 540 156 573 recte
178 538 429 583 permittetur,
460 535 574 570 immo
604 534 658 570 1115
679 534 787 569 salvis
807 544 880 569 non
902 536 1023 580 posset
1042 543 1115 569 non
1143 547 1145 584 3
1173 535 1212 567 ut
1232 531 1355 566 anima
1375 541 1421 566 ex
1442 531 1564 566 anima
1585 532 1682 566 nasci
1704 543 1776 567 non
1798 544 1883 578 poss

61 595 237 645 permisti·
1234 590 1302 624 84.
1323 589 1416 624 Τ11111
1431 589 1671 635 Theologicae
1692 590 1735 625 de
1755 592 1957 626 animarum
1977 592 2219 640 corruptione,

124 653 190 688 80.
221 652 338 688 Natu
350 662 399 686 ra
434 650 597 697 lapsus
629 660 701 685 non
729 649 782 686 ita
809 649 1042 696 concipienda
1063 651 1117 684 est
1173 658 1217 682 ne
1238 647 1363 683 anima
1384 647 1571 682 rationalis
1592 659 1701 694 pura,
1726 649 1781 683 vel
1801 650 2056 696 praeexistens,
2080 651 2135 685 vel
2157 661 2223 686 no-

62 721 146 746 cum
179 710 358 756 Baelio,
394 708 495 754 quasi
515 709 611 743 Deus
647 707 867 743 Adamum
896 708 934 742 in
961 717 1116 754 poenam
1175 706 1265 741 viter
1285 709 1425 752 creata,
1463 705 1500 740 in
1521 716 1678 741 massam
1699 710 1926 755 corruptam,
1961 708 2223 756 corrumpenda

62 769 200 816 peccati
217 765 520 804 'condemnaverit
548 766 594 801 ad
631 777 741 812 porro
778 767 998 812 peccandum
1034 775 1116 800 cum
1173 767 1209 799 et
1229 764 1320 811 ipsa,
1343 763 1478 798 intrudi
1499 774 1521 798 a
1542 764 1618 799 Deo
1639 765 1788 800 dicatur.

62 826 294 874 posteritate,
331 825 435 871 eique
463 824 741 870 (exsequendae
766 824 965 859 sententiae
984 819 1115 872 causa)
1235 822 1301 857 85.
1323 822 1400 857 Erit
1420 832 1504 866 ergo
1525 822 1674 858 Tradux
1694 823 1855 870 quidam,
1879 824 1941 860 sed
1957 824 2078 872 paullo
2094 826 2224 861 tracta-

62 884 419 932 pcccaminositatem
461 882 654 927 infuderit,
695 893 776 917 cum
810 882 933 928 potius
967 882 1046 928 ipsa
1081 882 1117 916 vi
1175 879 1294 926 bilior,
1314 890 1423 926 quam
1443 880 1514 927 ille,
1537 891 1644 926 quem
1665 882 1968 930 Augustinus,
1991 883 2124 928 aliique
2144 883 2224 919 Viri

63 943 174 989 primi
202 941 358 988 peccati,
396 940 494 975 velut
521 940 669 986 physico
690 951 805 987 nexu,
843 943 1035 976 consecuta
1070 940 1118 974 sit
1147 977 1148 980 ,
1174 939 1318 985 egregii,
1342 941 1558 984 statuerunt,
1581 949 1653 973 11011
1675 939 1817 975 animae
1837 951 1883 975 ex
1903 942 2024 976 anima
2056 937 2225 989 (rejectus

62 1000 381 1047 peccaminositas,
406 998 713 1044 quemadmodum
741 1010 788 1033 ex
809 998 982 1034 ebrietate
1004 998 1119 1034 multa
1146 1027 1149 1041 ,
1175 997 1365 1044 veteribus,
1387 998 1426 1031 ut
1446 1007 1493 1031 ex
1523 997 1773 1032 Prudentio
1794 1001 1906 1045 patet,
1928 1010 1992 1034 nec
2007 1002 2154 1034 naturae
2171 1010 2225 1034 re-

63 1059 138 1094 alia
158 1061 303 1104 peceata
325 1060 528 1092 nascuntur.
1146 1046 1149 1071 ³
1176 1066 1256 1090 rum
1277 1050 1553 1104 consentaneus)
1574 1055 1635 1090 sed
1656 1056 1807 1090 animati
1824 1068 1869 1091 ex
1886 1057 2057 1092 animato.

125 1117 193 1152 81.
232 1115 454 1161 Sequitur
490 1113 777 1161 Propagatio
818 1114 1056 1161 contagii,
1098 1124 1120 1149 a
1238 1113 1303 1148 86.
1339 1114 1521 1148 Hactenus
1556 1113 1600 1148 (10
1635 1124 1758 1160 031153,
1795 1125 1889 1149 1111110
1923 1114 1968 1149 (10
2002 1117 2170 1150 natura
2191 1119 2227 1151 et

65 1176 170 1222 lapsu
197 1174 510 1220 Protoplastorum
539 1173 628 1218 orti,
658 1173 868 1219 perveffiens
905 1174 941 1208 in
978 1172 1119 1207 animas
1147 1182 1148 1190 ¹
1177 1172 1430 1206 constitutione
1451 1171 1776 1218 corruptionis
1799 1175 1966 1208 nostrae:
1993 1184 2035 1207 ea
2064 1173 2228 1208 consistit

64 1237 305 1279 posterorum.
368 1231 420 1266 Ea
448 1241 523 1266 non
550 1231 731 1267 videbitur
758 1232 984 1267 commodius
1005 1230 1119 1277 expli·
1177 1230 1215 1265 in
1249 1232 1396 1276 peccato
1432 1229 1599 1274 originali
1633 1232 1669 1264 et
1704 1230 1917 1265 derivativo.
1985 1231 2229 1266 Peccatum

64 1291 139 1327 cari
161 1302 282 1338 posse,
304 1300 414 1335 quam
434 1289 644 1337 statuendo,
673 1276 812 1324 annuas
834 1293 1059 1336 posterorum
1081 1288 1117 1323 in
1146 1304 1148 1332 l
1177 1287 1412 1333 originale
1446 1291 1585 1323 tantam
1614 1287 1688 1322 vim
1723 1288 1852 1334 habet,
1889 1291 1928 1323 ut
1956 1289 2118 1324 homines
2148 1289 2227 1324 red-

64 1349 242 1385 Adamo
278 1347 351 1392 jam
387 1348 497 1383 fuisse
524 1348 685 1382 infectas.
746 1348 851 1389 Quod
880 1352 919 1383 ut
940 1348 1117 1394 intelliga-
1177 1346 1295 1382 datin
1318 1346 1540 1381 naturalibus
1560 1345 1717 1392 debiles,
1741 1346 1778 1381 111
1799 1346 2045 1393 spiritualibus
2066 1350 2229 1383 mortuos

64 1413 124 1445 tur
152 1408 300 1454 rectius,
329 1406 514 1442 sciendum
541 1408 596 1440 cst
617 1417 665 1440 ex
685 1407 927 1441 recentiorum
949 1407 1118 1442 observa-
1175 1408 1260 1441 ante
1284 1404 1612 1449 regenerationem3
1643 1404 1824 1440 intellectu
1853 1405 1897 1440 ad
1927 1405 2129 1452 sensibilia,
2167 1417 2230 1441 vo-

63 1467 111 1502 tis
140 1467 411 1511 rationibusque
439 1466 631 1513 adparere,
669 1465 881 1501 animalium
910 1468 949 1500 et
970 1465 1112 1510 planta-
1145 1503 1147 1520 a
1175 1466 1314 1501 luntate
1343 1462 1389 1498 ad
1417 1462 1575 1498 carnalia
1603 1463 1735 1510 versis,
1764 1463 1816 1498 ita
1844 1466 1882 1499 ut
1910 1468 2041 1499 natura
2069 1464 2133 1499 filii
2154 1464 2229 1500 irae

63 1535 144 1561 rum
171 1524 430 1560 formationem
459 1535 532 1559 11011
560 1524 706 1570 prodire
741 1535 786 1560 ex
814 1535 932 1560 massa
961 1524 1118 1570 quadam
1146 1522 1147 1535 ³
1176 1525 1300 1560 simus.

63 1584 230 1629 confusa,
261 1582 322 1617 sed
352 1593 398 1617 ex
418 1593 570 1628 corpore
585 1581 665 1625 jam
686 1583 852 1618 nonnihil
873 1584 1117 1629 praeformato
1238 1583 1302 1618 87.
1325 1582 1475 1618 Interim
1498 1582 1639 1629 Baelio,
1661 1580 1812 1629 aliisque
1834 1581 2049 1617 adversariis
2069 1581 2232 1618 divinam

64 1641 102 1677 in
123 1641 258 1676 semine
278 1641 432 1687 latente,
462 1644 499 1678 et
520 1640 655 1675 dudum
675 1641 850 1676 animato.
908 1640 1013 1675 Unde
1034 1650 1118 1676 con·
1147 1642 1148 1645 ’
1177 1641 1436 1685 benignitatem
1464 1642 1779 1690 impugnantibus,
1817 1645 1880 1677 aut
1909 1641 2036 1675 saltem
2066 1651 2131 1687 per
2167 1640 2231 1676 ob-

66 1710 219 1745 sequens
239 1703 313 1746 est,
337 1698 373 1733 vi
395 1698 656 1734 benedictionis
676 1700 820 1734 divinae
841 1701 876 1734 et
898 1699 1115 1745 primaevae,
1146 1688 1148 1711 ³
1171 1698 1347 1743 jectioncs
1381 1699 1556 1744 quasdam
1591 1711 1671 1735 suas
1692 1701 2007 1748 obnubilantibus,
2037 1699 2233 1736 concedere

66 1757 230 1792 omnium
260 1757 458 1791 viventium
485 1757 692 1792 rudimenta
724 1757 901 1804 quaedam
937 1758 1119 1803 organica,
1146 1758 1148 1789 1
1177 1769 1250 1793 11011
1271 1760 1435 1804 oportet,
1465 1769 1526 1792 cos
1547 1758 1609 1804 qui
1630 1759 1697 1794 soli
1720 1765 1865 1805 peccato
1886 1761 2055 1806 originali
2077 1756 2231 1796 obnoxii

68 1815 131 1859 (et
166 1825 232 1860 pro
259 1814 479 1849 animalibus
507 1815 674 1861 quidem,
712 1816 926 1850 animalium
948 1816 1032 1851 licet
1052 1816 1119 1850 im-
1146 1828 1149 1846 s
1176 1817 1254 1851 sine
1289 1816 1423 1851 actuali
1459 1819 1544 1851 ante
1580 1817 1815 1853 sufficientem
1848 1819 1998 1853 rationis
2028 1829 2131 1854 usum
2152 1830 2230 1856 mo-

67 1873 308 1919 perfcctorum
329 1872 467 1915 forma)
487 1874 697 1917 animasque
725 1874 994 1919 quodammodo
1024 1875 1119 1920 ipsas
1146 1869 1148 1919 i
1178 1875 1321 1909 riuntur
1357 1870 1493 1923 (veluti
1522 1874 1679 1910 infantes
1706 1879 1789 1911 ante
1817 1876 2038 1923 baptismum
2065 1881 2102 1913 et
2128 1881 2233 1914 extra

66 1930 205 1965 (ludum
240 1930 278 1965 in
306 1930 537 1975 protoplasto
566 1930 738 1976 cujusque
766 1932 908 1976 generis
937 1933 1120 1976 extitisse,
1148 1952 1149 1982 i
1179 1933 1378 1968 Ecclesiam
1420 1932 1654 1977 decedentes)
1698 1936 1898 1970 necessario
1937 1937 2092 1971 aeternis
2131 1937 2232 1972 flam-

66 1999 165 2034 quae
202 1988 268 2023 sub
289 1990 451 2033 tempore
472 1988 597 2022 omnia
631 1988 893 2024 evolverentur.
954 1990 1023 2024 Sed
1045 1989 1121 2024 ani·
1148 1987 1149 2024 l
1180 1990 1249 2024 mis
1277 1990 1414 2024 addici:
1439 1990 1530 2025 tales
1558 1991 1655 2026 enim
1683 1992 1895 2027 clementiae
1916 1994 2096 2028 Creatoris
2126 1995 2233 2029 reliu-

67 2058 145 2082 mas
164 2046 435 2090 animantiaque
453 2046 644 2091 seminum,
666 2045 701 2080 in
724 2046 891 2082 humanis
911 2047 1124 2092 corporibus
1148 2025 1151 2115 ἱ
1179 2048 1240 2093 qui
1262 2050 1431 2092 praestat.

68 2105 351 2149 destinatorum,
374 2114 457 2138 cum
477 2104 626 2138 caeteris
647 2103 871 2139 animalculis
891 2104 1123 2139 seminalibus
1148 2120 1151 2182 ξ
1242 2105 1307 2139 88.
1338 2105 1418 2146 Qua
1446 2104 1481 2138 in
1504 2115 1541 2139 re
1560 2106 1669 2140 etiam
1690 2106 1864 2142 Johaunis
1886 2108 2143 2154 Hulsemanni,
2171 2109 2234 2144 Jo-

68 2163 179 2198 talem
207 2163 485 2197 destinationem
508 2172 579 2196 non
601 2161 831 2207 habentibus,
855 2163 949 2197 intra
969 2163 1123 2205 gradum
1149 2187 1151 2234 i
1180 2163 1309 2197 hannis
1337 2162 1470 2197 Adami
1500 2162 1684 2209 Osiandri,
1723 2165 1947 2211 aliorumque
1975 2168 2234 2202 nonnullorum

68 2224 219 2256 naturae
246 2220 436 2255 sensitivae
463 2220 665 2254 substitisse
687 2219 878 2255 dicendum
901 2223 972 2266 est,
1010 2221 1124 2255 donec
1150 2236 1152 2270 3
1181 2221 1375 2266 insignium
1419 2221 1654 2264 Augustanae
1693 2222 1935 2259 Confessionis
1965 2224 2234 2270 Theologorum

69 2289 134 2325 per
155 2279 322 2314 ultimam
351 2278 625 2323 conceptionem
663 2288 685 2312 a
708 2279 860 2313 caeteris
881 2278 1123 2313 discerneren-
1151 2277 1153 2327 1
1181 2278 1468 2314 moderationem
1490 2279 1615 2325 laudo,
1653 2279 1713 2324 qui
1735 2280 1887 2316 subinde
1908 2284 1975 2317 hue
1996 2283 2226 2318 inclinarunt.

69 2339 146 2383 tur,
175 2337 354 2382 simulque
381 2347 512 2382 corpus
533 2336 742 2382 organicum
763 2336 807 2371 ad
829 2338 978 2380 figuram
1000 2337 1123 2371 huma-
1150 2339 1153 2378 1
1243 2337 1307 2372 89.
1338 2336 1461 2382 Neque
1481 2337 1591 2373 etiam
1618 2337 1800 2375 extinctae
1821 2344 1904 2375 sunt
1930 2341 2073 2387 penitus
2101 2341 2235 2377 scintil-

69 2405 155 2429 nam
175 2395 444 2441 disponeretur,
476 2397 511 2430 ct
532 2394 655 2428 anima
675 2394 753 2437 ejus
774 2394 821 2429 ad
842 2395 994 2441 gradum
1012 2396 1124 2431 ratio-
1152 2395 1153 2427 Ξ
1182 2396 1237 2430 lae
1258 2395 1426 2439 imaginis
1447 2395 1602 2443 divinae,
1626 2396 1669 2430 de
1689 2397 1819 2441 quibus
1841 2399 1950 2443 paulo
1970 2402 2071 2445 post,
2092 2399 2154 2435 sed
2170 2410 2236 2446 per

70 2452 229 2487 nalitatis
260 2452 469 2496 (ordinaria
503 2463 550 2487 an
579 2452 868 2488 extraordinaria
897 2453 964 2488 Dei
998 2464 1124 2499 opera-
1183 2453 1337 2497 gratiam
1375 2453 1443 2487 Dei
1480 2454 1770 2499 praevenientem
1805 2455 1916 2491 etiam
1950 2457 1997 2492 ad
2032 2457 2235 2504 spiritualia

72 2510 172 2544 tione
193 2520 266 2545 non
287 2506 441 2556 definio)
464 2510 686 2546 eveheretur.
1151 2505 1154 2549 ³.
1182 2522 1304 2546 rursus
1334 2510 1484 2545 excitari
1512 2515 1678 2557 possunt:
1715 2512 1766 2548 ita
1795 2516 1926 2561 tamen,
1955 2517 1994 2550 ut
2020 2516 2097 2551 sola
2117 2516 2236 2561 gratia

132 2566 199 2601 82.
230 2567 335 2601 Unde
355 2567 466 2601 etiam
486 2568 654 2614 adparet,
676 2578 751 2603 non
772 2568 882 2603 statui
902 2568 1049 2614 quidem
1070 2580 1124 2604 ra·
1152 2591 1153 2602 1
1181 2569 1494 2605 conversationem
1515 2573 1695 2615 operetur.

72 2624 286 2660 tionalitatis
307 2625 626 2670 praexistentiam,
648 2625 785 2660 censeri
806 2628 926 2660 tamen
947 2637 1061 2672 posse,
1086 2627 1124 2661 in
1152 2645 1153 2648 =
1243 2627 1308 2661 90.
1345 2626 1413 2661 Sed
1443 2638 1508 2661 nec
1536 2627 1712 2671 originale
1739 2631 1925 2674 peccatum
1945 2634 2155 2678 corruptam
2177 2643 2234 2677 ge-

74 2681 400 2729 praeexistentibus
427 2683 677 2728 praestabilita
689 2681 768 2725 jam
786 2683 958 2718 divinitus
975 2687 1009 2718 et
1025 2695 1125 2730 prae·
1151 2701 1153 2735 3
1182 2684 1278 2719 neris
1307 2684 1452 2719 humani
1481 2695 1636 2720 massam
1664 2695 1685 2719 a
1714 2686 1782 2721 Dei
1813 2688 2065 2725 benevolentia
2092 2690 2231 2723 univcr-

72 2743 200 2787 parata
221 2751 298 2774 0550
319 2739 507 2784 proditura
526 2739 739 2785 aliquando,
777 2750 848 2775 non
878 2741 1124 2785 organismum
1182 2743 1248 2777 sali
1270 2742 1412 2788 penitus
1440 2743 1595 2777 alienam
1624 2743 1753 2779 reddit.
1815 2745 1909 2781 Nam
1930 2748 2160 2783 nihilominus
2180 2746 2231 2780 sic

72 2801 214 2834 tantum
249 2799 466 2842 humanum,
510 2797 573 2831 sed
607 2800 643 2831 et
676 2797 793 2842 ipsam
828 2799 1123 2845 rationalitatem,
1182 2801 1277 2834 Deus
1305 2800 1433 2835 dilexit
1460 2801 1652 2847 mundum,
1683 2802 1766 2837 licet
1793 2802 1831 2837 in
1852 2805 1949 2839 malo
1966 2805 2160 2849 jacentem,
2190 2805 2229 2837 ut

72 2857 226 2902 signato,
248 2860 288 2891 ut
308 2856 357 2890 sie
379 2855 507 2901 dicam,
530 2857 611 2889 actu
631 2855 829 2890 exercitum
851 2856 1123 2903 praeveniente,
1182 2858 1315 2892 Filium
1335 2868 1438 2892 suum
1459 2858 1683 2902 unigenitum
1703 2871 1769 2906 pro
1790 2861 1996 2898 hominibus
2016 2863 2125 2896 daret.

72 2914 251 2960 simulque
271 2917 306 2949 et
325 2914 592 2958 corruptionem
612 2912 767 2957 animae,
789 2913 856 2947 etsi
876 2913 1039 2948 nondum
1061 2916 1123 2949 hu-
1242 2915 1306 2949 91.
1347 2915 1583 2952 Ρο003111111
1630 2917 1941 2956 derivativum
1985 2919 2115 2964 duplex
2159 2918 2226 2962 est,

71 2982 220 3018 manae,
249 2972 351 3018 lapsu
372 2971 468 3006 Ada
481 2970 539 3004 mi
559 2969 758 3016 inductam,
788 2973 914 3016 postea
933 2971 1124 3006 accedente
1181 2973 1318 3007 actuale
1339 2975 1376 3007 et
1396 2974 1598 3020 habituale‚
1628 2976 1667 3011 in
1688 2977 1817 3021 quibus
1837 2977 1997 3013 consistit
2017 2974 2227 3009 exercitium

73 3030 327 3064 rationalitatis
362 3029 495 3074 gradu,
542 3028 688 3064 demum
723 3027 760 3062 in
796 3029 1123 3073 peccaminosItatis
1179 3030 1438 3076 corruptionis,
1469 3035 1508 3067 ut
1539 3034 1674 3069 scilicet
1694 3034 1782 3069 11300
1801 3035 1971 3078 gradibus
1991 3031 2226 3067 modificatio-

73 3087 258 3130 originalis
302 3087 376 3122 vim
419 3086 598 3122 transisse.
668 3085 857 3120 Caeterum
892 3086 1043 3132 adparet
1077 3097 1124 3122 ex
1180 3087 1355 3133 nibusque
1377 3089 1509 3137 variet,
1531 3092 1697 3138 varieque
1718 3092 1755 3126 in
1775 3093 1932 3126 actiones
1954 3091 2174 3135 prorumpat.

73 3144 281 3178 novissimis
303 3144 478 3189 inventis,
499 3155 521 3179 a
541 3143 620 3178 solo
640 3145 742 3189 patre
761 3143 926 3177 animans
947 3144 1123 3179 animam-
1241 3145 1307 3179 92.
1335 3146 1382 3181 Et
1409 3150 1588 3184 actuale
1613 3151 1760 3196 quidem
1779 3148 1941 3184 consistit
1961 3151 2036 3181 tum
2057 3146 2094 3180 111
2115 3145 2222 3180 actio-

73 3211 142 3247 que
163 3211 259 3246 esse,
287 3205 325 3236 at
352 3212 374 3236 a
394 3204 511 3237 matre
539 3201 577 3236 in
604 3203 778 3247 conceptu
811 3201 909 3235 velut
937 3201 1124 3237 indumen-
1180 3201 1287 3236 nibus
1322 3203 1472 3240 internis
1509 3209 1666 3254 tantum,
1704 3211 1779 3241 tum
1806 3206 1840 3239 in
1869 3203 2100 3238 electionibus
2127 3213 2223 3238 com-

73 3262 163 3306 tum,
185 3254 301 3307 (ovuli
320 3259 450 3307 forma,
472 3263 512 3296 ut
533 3259 772 3300 arbitrantur)
794 3257 1125 3305 incrementumque
1179 3260 1307 3305 positis
1326 3271 1373 3296 ex
1393 3262 1544 3300 internis
1565 3268 1600 3301 et
1621 3264 1797 3308 externi53
1828 3265 1862 3297 et
1883 3264 1938 3296 est
1959 3263 2036 3296 tum
2057 3260 2224 3296 commis·
