2361 3643
758 105 892 141 LXXI.

67 214 131 239 nec
151 199 553 246 transsubstantiatio]ii,
575 211 638 235 nec
659 198 1020 234 consubstantiationi
1048 207 1108 243 pa—

66 260 134 306 nis,
155 261 374 304 tantumque,
396 270 487 305 pane
507 262 662 305 accepto,
683 258 789 293 simul
817 257 952 304 percipi
981 267 1109 302 corpus

65 376 274 424 praesentia.
336 376 383 411 Et
405 376 482 421 jam
503 375 787 412 Turnemino
808 375 989 421 respondi,
1011 385 1109 422 prae-

65 436 217 471 sentiam
253 446 330 470 esse
357 436 492 482 aliquid
520 434 813 482 metaphysicum,
849 437 888 469 ut
923 434 1109 469 unionem:

65 494 161 540 quod
183 505 256 529 non
277 494 474 540 explicatur
495 506 557 541 per
577 495 840 540 phaenomenag
872 493 934 527 sed
961 497 995 527 et
1024 503 1110 538 quo-

66 552 176 588 modo
206 552 559 589 transsubstantiatio
591 555 707 587 vestra
734 552 906 598 explicari
934 551 1046 598 possit
1074 551 1110 585 in

65 612 293 658 Philosophia
315 622 405 657 mea,
429 612 536 647 altior
564 610 765 656 disquisitio
795 611 897 645 foret.
958 611 993 644 Si
1023 609 1111 644 acci-

64 670 185 706 dentia
206 671 314 706 realia
336 671 442 705 vultis
462 673 595 705 restare
616 670 692 704 sine
721 669 892 715 subjecto,
922 668 1110 704 dicendum

64 733 129 777 cst,
151 729 302 765 sublatis
323 728 616 775 monadibus,
644 739 773 775 panem
800 727 1110 774 constituentibus,
1138 751 1141 755 -

953 103 1017 139 DE
1047 101 1210 138 AMMA
1241 103 1465 139 BRUTORU
1472 104 1523 137 M.

1136 203 1140 324 l

1138 344 1140 393 l

65 317 207 364 Christi,
230 321 270 353 ut
289 317 380 352 adeo
403 318 479 353 sola
500 318 711 364 explicanda
727 318 773 351 sit
793 317 955 363 corporis
979 315 1110 351 Christi
1139 330 1140 333 ¹

2126 90 2212 134 463

1166 197 1284 243 quoad
1307 197 1399 231 vires
1428 196 1628 243 primitivas
1661 197 1796 231 activas
1822 199 1859 230 et
1886 194 2056 241 passivaS,
2084 193 2212 228 substi-

1168 258 1314 301 tutaque
1335 255 1538 302 praesentia
1559 254 1754 289 monadum
1775 265 1903 301 corpus
1930 253 2061 288 Christi
2081 251 2211 288 consti-

1167 315 1353 361 tuentium,
1378 317 1510 350 restare
1537 313 1655 347 solum
1679 313 1769 347 vires
1798 313 2026 358 derivativas,
2054 322 2144 357 quae
2172 311 2211 345 in

1168 385 1257 420 pane
1275 375 1383 418 suere,
1400 373 1526 408 cadem
1542 372 1788 417 phaenomena
1803 372 2015 407 exhibentes
2030 381 2120 417 quae
2135 380 2211 405 mo-

1168 433 1278 468 nades
1299 432 1401 479 panis
1421 430 1678 466 exhibuissent.

1226 491 1330 534 Quod
1351 493 1523 535 superest,
1550 489 1634 522 Vale
1655 492 1690 522 ct
1712 488 1816 523 Fave.

1285 549 1426 585 Dabam
1447 549 1659 584 Hauoverae
1683 547 1719 579 S.
1741 548 1834 592 Sept.
1864 546 1983 580 1709.

1696 605 1946 639 Deditissimus

1525 664 1681 700 (iodet'.
1715 663 1829 698 Guil.
1864 662 2132 698 Leibnitius

1024 1131 1241 1189 LXXI.

125 1257 890 1337 COMMENTATIO
955 1258 1097 1334 DE

1161 1253 1490 1333 ANIMA
1548 1249 2163 1330 BRUTORUM.

1175 1461 1198 1514 i
1266 1461 1320 1515 t).

66 1635 122 1678 (G.
149 1642 186 1667 G.
213 1638 419 1667 Leibnitii
445 1638 613 1671 Epistulae
639 1639 678 1665 ad
706 1638 854 1665 diversos
881 1641 942 1663 etc.
980 1637 1035 1664 Ed.
1062 1635 1271 1663 Kortholt.

158 1686 296 1715 Leibn.
324 1687 405 1720 θυι).
431 1685 487 1713 Ed.
514 1686 675 1713 l)utens
709 1686 798 1712 Toni.
825 1686 866 1712 11.
895 1686 930 1712 P.
948 1685 974 1711 1.
1004 1682 1141 1717 p.·230.)

1318 1635 1407 1668 Lips.
1439 1634 1537 1661 1235.
1564 1634 1620 1661 lV.
1648 1633 1720 1660 Vol.
1740 1634 1855 1660 (svo--
1884 1628 1959 1659 Vol.
1981 1631 2007 1657 i.
2035 1637 2065 1664 p.
2098 1628 2169 1657 169.
2188 1644 2223 1648 m

129 1847 157 1882 1.
190 1846 387 1882 Materia
416 1848 452 1882 in
484 1860 520 1881 se
549 1851 666 1882 sumta
688 1859 748 1883 scu
771 1847 865 1882 nuda
891 1846 1121 1882 constituitur
1147 1836 1150 1861 ¹
1178 1849 1240 1880 tes.
1286 1845 1380 1880 Nam
1409 1855 1454 1878 ex
1485 1853 1696 1888 unaquaque
1724 1853 1761 1876 rc
1783 1840 1876 1876 nude
1905 1842 2023 1874 sumta
2052 1837 2140 1872 nihil
2171 1837 2229 1872 de-

72 1918 136 1952 per
157 1906 387 1951 Antitypiam
414 1911 448 1941 et
471 1906 739 1942 Extensionem.
778 1907 1007 1953 Antitypiam
1029 1917 1119 1940 voco
1148 1894 1151 1948 ᾗ
1179 1904 1259 1939 duci
1295 1908 1331 1938 et
1365 1903 1535 1949 explicari
1558 1905 1689 1947 potest,
1726 1911 1834 1946 quam
1862 1899 2121 1934 attributorum
2155 1896 2231 1940 ejus

72 1965 160 2000 illud
187 1965 423 2011 attributum,
452 1977 515 2010 per
542 1965 637 2011 quod
664 1966 817 2000 materia
845 1968 898 1999 cst
927 1966 962 1999 in
994 1964 1122 2010 spatio.

72 2024 248 2059 Extensio
269 2028 322 2058 est
344 2024 568 2059 continuatio
591 2035 654 2069 per
675 2024 840 2070 spatium,
871 2035 933 2058 scu
954 2024 1123 2057 continua

73 2093 136 2129 per
157 2082 275 2117 locum
297 2083 450 2118 diffusio.

74 2141 172 2176 tinue
208 2153 271 2187 per
308 2142 424 2177 locum
461 2141 674 2176 diffunditur
709 2152 771 2176 seu
807 2141 1022 2186 extenditur,
1058 2151 1122 2174 nec

72 2199 171 2235 aliud
205 2200 375 2245 quiddam
405 2201 567 2248 ponitur3
600 2201 714 2235 oritur
741 2200 892 2235 materia
920 2200 957 2234 in
986 2211 1034 2246 se,
1065 2209 1126 2233 seu
1154 2189 1155 2227 ἕ

73 2259 181 2294 mida.

130 2317 174 2353 ll.
206 2317 421 2364 Antitypiae
442 2318 660 2353 moditicatio
689 2328 751 2352 seu
774 2317 930 2352 varietas
961 2316 1127 2351 consistit

75 2376 112 2410 in
133 2377 304 2412 varietate
324 2376 405 2412 loci.
467 2376 698 2411 Extensionis
726 2376 944 2411 modificatio
965 2375 1127 2410 consistit

76 2436 112 2469 in
144 2437 317 2470 varietate
345 2436 600 2475 magnitudinis
628 2438 664 2470 et
690 2436 833 2481 figurae.
895 2435 988 2469 Hinc
1016 2438 1125 2481 patet,

77 2493 266 2528 mate-riam
287 2506 362 2529 esse
382 2494 517 2540 aliquid
538 2505 635 2528 mere
663 2494 858 2539 passivum,
889 2505 999 2539 quum
1027 2492 1127 2527 attri-
1155 2486 1157 2519 i

77 2551 167 2585 buta
187 2550 264 2593 ejus
288 2563 482 2597 earumque
506 2552 695 2587 varietates
717 2553 852 2587 nullam
875 2553 1053 2587 actionem
1075 2553 1127 2586 in·
1154 2534 1159 2617 i

79 2609 236 2644 volvant.
298 2610 343 2644 Et
379 2613 552 2655 quatenus
581 2611 617 2645 in
646 2615 746 2645 motu
782 2612 900 2646 solum
928 2611 1113 2646 considera

80 2679 160 2703 mus
192 2668 402 2702 varietatem
429 2668 510 2714 loci,
544 2669 801 2714 magnitudinis
829 2674 863 2703 et
894 2670 1046 2715 tigurae3
1076 2669 1128 2703 ni-

80 2727 128 2763 hil
150 2727 200 2761 ibi
222 2727 499 2771 cons-ideramus,
523 2727 591 2761 nisi
614 2737 710 2762 mere
727 2728 918 2773 passivum.

139 2786 201 2821 111.
233 2786 300 2821 Sed
321 2787 351 2820 si
371 2785 546 2821 actualem
569 2785 804 2821 variationem
835 2786 1128 2832 superaddamus,

82 2856 144 2880 seu
165 2845 283 2891 ipsum
304 2845 521 2891 principium
543 2847 673 2889 motus,
706 2845 841 2879 accedit
869 2845 1005 2891 aliquid
1029 2856 1129 2891 prae·
1158 2858 1160 2867 >

84 2907 138 2938 ter
172 2904 361 2939 materiam
396 2903 542 2938 nudam.
603 2902 740 2937 Eodem
775 2903 883 2938 modo
911 2907 1021 2949 patet,
1052 2915 1129 2949 per-

82 2964 283 3009 ceptionem
306 2974 379 2997 non
401 2974 502 3009 posse
524 2961 649 2997 deduci
665 2973 711 2996 ex
727 2962 877 2996 materia
892 2963 997 3007 nuda,
1019 2973 1130 3007 quum

84 3021 122 3055 in
141 3022 281 3058 actione
300 3022 456 3068 quadam
476 3021 657 3057 consistat.
705 3020 804 3055 Idem
832 3020 876 3055 de
905 3021 1131 3067 perceptione

87 3080 268 3125 speciatim
290 3081 356 3115 hoc
376 3081 485 3116 modo
506 3080 657 3125 intelligi
679 3082 808 3126 potest.

86 3138 255 3181 organico
288 3140 430 3174 adesset
464 3150 573 3185 quam
607 3139 784 3184 machina,
821 3138 858 3173 id
885 3141 949 3181 est,
979 3138 1130 3173 materia

87 3195 196 3240 nuda,
218 3196 286 3231 loci
303 3198 559 3243 magnitudinis
575 3202 610 3233 et
627 3199 757 3244 figurae
774 3197 961 3232 varietates
977 3196 1129 3242 habens3

88 3254 176 3288 nihil
203 3255 299 3290 aliud
328 3256 410 3292 inde
437 3257 564 3292 deduci
593 3260 628 3292 et
655 3257 826 3303 explicari
855 3259 985 3301 posset,
1021 3266 1130 3301 quam

87 3313 357 3361 mechanismus,
378 3315 415 3351 id
435 3319 500 3364 est,
523 3316 621 3362 tales,
650 3317 773 3363 quales
800 3315 957 3352 diximus
979 3315 1130 3350 varieta-

868 3080 902 3114 Si
924 3079 1012 3114 nihil
1032 3079 1130 3115 aliud
1158 3084 1160 3115 ζ

1178 1962 1493 1998 constitutivorum
1515 1960 1719 1994 varietates.

1151 2011 1153 2040 ¹
1238 2021 1298 2056 IV.
1337 2020 1429 2054 Hinc
1457 2019 1566 2054 etiam
1596 2018 1698 2053 facilc
1724 2016 1927 2060 judicamus
1956 2014 1992 2048 in
2022 2013 2231 2048 molendino

499 2084 618 2128 Atque
640 2083 700 2128 ita.
723 2082 807 2117 dum
831 2082 1020 2127 Antitypia
1041 2092 1123 2115 con·
1151 2046 1154 2117 i

1182 2080 1304 2125 aliquo
1333 2079 1389 2112 vel
1421 2077 1609 2121 horologio
1631 2076 1725 2110 nude
1752 2078 1881 2113 sumto,
1910 2073 2048 2107 nullum
2084 2070 2232 2117 reperiri

1183 2138 1395 2186 principium
1423 2136 1641 2182 percipiens,
1680 2133 1766 2179 quid
1800 2133 1837 2167 in
1873 2132 1949 2178 ipso
1972 2132 2051 2176 fiat3
2079 2134 2115 2164 et
2142 2129 2232 2164 nihil

1184 2200 1303 2242 refcrt.
1325 2195 1441 2231 solida
1463 2195 1545 2240 sint,
1567 2205 1614 2228 an
1641 2192 1762 2237 fluida,
1794 2191 1849 2226 vel
1877 2202 1924 2225 ex
1952 2189 2109 2235 utrisque
2135 2199 2231 2223 com-

1154 2270 1155 2306 }
1184 2256 1312 2303 posita,
1343 2266 1435 2300 quae
1462 2254 1499 2288 in
1520 2252 1683 2287 machina
1704 2251 1890 2286 halwntur.
1951 2249 2064 2283 Porro
2089 2247 2232 2294 scimus,

1154 2311 1156 2359 ¹,
1185 2317 1276 2350 inter
1297 2325 1449 2360 corpora
1470 2323 1589 2347 crassa
1610 2316 1645 2345 et
1673 2310 1819 2345 subtilia
1840 2308 1978 2343 nullum
2006 2317 2082 2341 esse
2110 2305 2233 2342 discri-

1154 2381 1156 2421 ζ
1185 2386 1264 2409 men
1287 2372 1486 2417 essentiale,
1509 2371 1569 2406 sed
1591 2368 1846 2414 magnitudinis
1868 2370 2018 2401 tantum.
2054 2365 2159 2400 Unde
2180 2376 2233 2399 se-

1154 2433 1157 2442 ‘
1185 2434 1318 2480 quitur,
1351 2432 1380 2466 si
1407 2430 1547 2476 concipi
1575 2440 1648 2464 non
1678 2430 1806 2475 potest,
1837 2425 2018 2472 quomodo
2046 2425 2083 2459 in
2112 2424 2234 2470 aliqua

1186 2491 1349 2527 machina
1385 2501 1513 2534 crassa,
1550 2491 1741 2532 utcumque
1775 2496 1823 2520 ex
1860 2484 1978 2519 fluidis
2013 2487 2074 2518 aut
2110 2483 2234 2518 solidis

1185 2550 1384 2597 composita
1420 2549 1556 2583 oriatur
1592 2546 1793 2592 perceptio,
1838 2544 1948 2579 etiam
1986 2542 2126 2589 concipi
2162 2552 2233 2577 non

1187 2621 1302 2657 posse,
1322 2607 1504 2654 quomodo
1514 2605 1694 2652 perceptio
1711 2615 1757 2639 cx
1772 2603 1935 2638 machina
1945 2602 2132 2637 subtiliore
2141 2600 2233 2636 oria·

1187 2673 1256 2715 tur,
1289 2679 1373 2703 nam
1394 2668 1423 2701 si
1446 2666 1555 2700 etiam
1578 2673 1700 2698 sensus
1730 2662 1843 2698 nostri
1871 2661 2075 2697 subtiliores
2101 2661 2231 2704 essent,

1157 2733 1159 2785 l
1187 2740 1242 2763 res
1263 2726 1409 2773 perinde
1431 2726 1535 2770 foret,
1557 2735 1597 2758 ac
1619 2723 1648 2757 si
1669 2721 1872 2757 machinam
1892 2731 2048 2756 crassam
2078 2718 2230 2765 percipe-

1187 2797 1318 2830 remus,
1341 2789 1377 2820 ut
1401 2795 1491 2819 nunc
1513 2782 1673 2818 facimus.
1733 2781 1856 2826 ltaque
1883 2791 1948 2826 pro
1977 2782 2073 2814 certo
2102 2776 2231 2811 haben-

1187 2846 1271 2880 dum
1299 2847 1362 2889 est,
1393 2853 1439 2877 ex
1467 2842 1544 2876 solo
1570 2840 1830 2886 mechanismo,
1861 2850 1922 2874 seu
1949 2836 2098 2873 materia
2122 2832 2230 2877 nuda,

1186 2903 1331 2948 ejusque
1378 2900 1704 2936 modificationibus
1748 2898 2013 2945 perceptionem
2060 2891 2230 2939 explicari

1186 2973 1258 2997 non
1279 2972 1396 3007 posse,
1418 2971 1490 2994 non
1516 2958 1641 3005 magis,
1663 2968 1771 3004 quam
1791 2956 2006 3004 principium
2027 2950 2176 2987 actionis
2196 2952 2232 2984 et

1188 3022 1317 3056 motus.

1244 3079 1286 3112 V.
1317 3078 1362 3112 Et
1383 3075 1534 3124 proinde
1560 3074 1825 3111 admittendum
1855 3076 1907 3107 cst
1935 3067 2068 3114 aliquid
2090 3068 2230 3113 praeter

1188 3137 1389 3183 materiam,
1429 3135 1525 3182 qnod
1555 3135 1601 3170 sit
1637 3138 1711 3170 tam
1740 3132 1952 3180 principium
1982 3125 2229 3172 perceptionis,

1187 3207 1248 3231 seu
1268 3195 1420 3231 actionis
1440 3195 1611 3241 internae,
1633 3204 1741 3239 quam
1762 3194 1890 3233 motus,
1912 3197 1971 3221 seu
1992 3184 2142 3220 actionis
2169 3194 2231 3218 ex-

1188 3260 1321 3291 ternae.
1382 3254 1427 3289 Et
1463 3254 1534 3289 tale
1568 3251 1784 3300 principium
1820 3246 2038 3305 appellamus
2068 3243 2231 3302 substan-

1158 3345 1160 3352 .
1186 3314 1284 3361 tiale,
1304 3314 1392 3349 item
1414 3313 1487 3349 vim
1516 3311 1736 3360 primitivam
1758 3300 2026 3346 ἒνῑελεχδιαᾙ
2040 3292 2120 3346 Τὴν
2135 3311 2232 3346 :tpwn

1757 3361 1842 3400 59*
