2361 3643
876 87 1399 129 PRAEFATIO.
2097 88 2235 129 XXIX

48 189 220 229 savante
251 184 365 228 1718
396 181 506 225 Nov.
538 181 624 226 Art.
646 180 715 225 Vl.
746 194 839 240 pag.
861 179 982 229 1o1.;
1027 174 1163 219 denuo
1195 174 1304 219 edita
1335 182 1398 220 est
1428 175 1558 220 aDes
1588 172 1808 220 Maizeaux
1837 172 1864 218 l.
1894 188 1952 229 c.,
1992 172 2175 235 denique
2204 194 2229 222 a

53 261 261 305 Dutensio
299 260 342 302 in
380 258 605 303 editionem
643 271 765 300 suam
803 261 980 315 recepta.
1055 252 1177 297 Patet
1222 267 1275 296 ex
1318 252 1366 295 iis
1413 268 1521 311 quae
1557 254 1715 313 primus
1747 250 1879 295 editor
1908 253 2138 311 praemisit,
2185 269 2235 298 eo

51 343 244 396 tempore
275 350 358 394 quo
380 334 608 378 Leibnitius
640 332 750 385 obiit,
781 331 892 376 hunc
921 329 1072 374 librum
1102 326 1246 372 multis
1277 327 1410 373 doctis
1435 331 1522 388 jam
1551 329 1794 382 innotuisse,
1822 328 1907 372 imo
1938 328 1980 371 in
2007 327 2236 374 multorum

51 412 244 457 manibus
276 411 527 470 exemplaria
559 411 647 468 ejus
675 409 814 451 fuisse.

167 487 282 533 XCI.
328 487 479 531 Trois
522 485 710 530 lettres
756 484 781 528 Ξι
826 482 902 526 Mr.
949 481 1237 540 Bourguet3
1283 479 1481 538 epistolae
1513 495 1620 524 anno
1652 479 1934 525 MDCCXIV.
1964 483 2233 541 conscriptae.

52 566 170 610 Bene
213 564 364 608 meruit
408 562 460 605 de
498 560 763 622 philosophia
798 559 1032 603 Dutensius
1063 572 1160 602 cum
1190 557 1349 615 primus
1381 572 1452 600 eas
1481 556 1622 600 literas
1653 557 1811 610 ederet,
1858 573 1961 616 quas
1991 558 2234 618 Bourgueto

52 641 278 685 Leibnitius
309 640 496 691 miserat;
542 653 721 697 quarum
752 634 1026 696 autographa,
1064 639 1112 677 ut
1141 635 1228 693 ipse
1260 633 1380 686 dicit,
1418 633 1669 677 Academiae
1699 633 2028 694 Rothomagensi
2057 637 2236 695 propria,

54 717 206 762 auxilio
237 716 343 759 doct.
381 715 449 759 De
483 715 565 758 Cat
595 715 903 759 communicata
933 711 1086 755 habuit.
1139 711 1210 754 Eis
1242 709 1422 769 epistolis
1453 725 1557 768 quas
1587 709 1820 753 Dutensius
1849 712 1937 770 ipse
1966 713 2072 755 inter
2101 713 2235 772 philo-

55 792 246 853 sophicas
275 799 481 845 numerat,
512 807 641 835 unam
673 791 805 851 adjeci
836 805 859 834 e
890 787 958 833 VI.
990 787 1185 831 Dutensii
1223 786 1437 831 volumine
1475 787 1669 847 petitam,
1715 785 1902 846 ejusdem
1935 804 2016 846 qua
2045 788 2140 833 illae
2169 791 2233 834 in-

54 869 158 914 dolis
187 876 231 913 et
260 869 482 929 gravitatis.

173 944 304 988 XCII.
337 944 547 988 Extrait
576 944 731 987 d'une
761 941 917 986 lettre
949 941 972 985 ἒι
1003 940 1077 984 Mr.
1109 938 1341 984 Remond
1372 938 1431 982 de
1460 937 1753 982 Montmort.
1803 936 1990 998 Epistola
2021 955 2043 983 6
2076 956 2157 999 qua
2186 957 2236 987 ea

53 1021 336 1079 excerpsimus
353 1036 460 1079 quae
480 1019 531 1063 ad
546 1019 848 1080 philosophiam
867 1019 996 1061 nostri
1014 1023 1215 1077 spectant,
1238 1032 1346 1059 anno
1363 1015 1630 1060 MDCCXV.
1652 1016 1900 1074 conscripta,
1923 1016 2105 1073 primum
2128 1018 2236 1062 edita

53 1103 119 1140 est
148 1112 172 1140 a
202 1096 292 1139 Des
324 1098 545 1140 Maizeaux
577 1097 669 1153 (l.c.
692 1096 797 1156 11.p.
822 1095 946 1151 1o5.)‚
979 1110 1002 1137 a
1035 1109 1117 1153 quo
1148 1093 1380 1136 Dutensius
1412 1108 1506 1136 eam
1538 1093 1705 1152 accepit.
1738 1091 1777 1147 (l.
1808 1106 1841 1136 c.
1878 1092 1975 1135 Vot.
2004 1092 2056 1136 V.
2086 1108 2124 1150 p.
2156 1096 2236 1151 18.)

171 1172 317 1216 XCIII.
359 1174 434 1217 Ad
466 1174 737 1217 reverend.
769 1174 979 1217 Patrem
1011 1170 1116 1214 Des
1146 1170 1340 1214 Bosses
1373 1167 1635 1229 epistolae
1668 1175 1800 1223 tres,
1832 1183 1940 1213 anno
1971 1168 2237 1215 MDCCXV.

55 1250 329 1307 conscriptae.
362 1251 410 1292 cf.
442 1257 515 1293 art.
546 1249 672 1292 LXII.

174 1324 330 1368 XCIV.
361 1325 514 1368 Deux
544 1325 736 1368 lettres
768 1324 792 1367 a
821 1323 904 1368 ΜΓ.
936 1323 1225 1381 Bourguet.
1256 1323 1305 1365 cf.
1337 1327 1475 1365 annot.
1508 1319 1559 1363 ad
1591 1327 1667 1364 art.
1696 1319 1808 1365 XCI.

169 1400 308 1446 XCV.
339 1400 521 1445 Lettre
552 1400 678 1444 aMr.
709 1399 943 1444 Remond
975 1398 1032 1442 de
1062 1392 1352 1441 Montmort
1382 1403 1668 1440 contenant
1699 1397 1787 1439 des
1817 1411 2121 1455 remarques
2151 1415 2239 1444 sur

53 1475 101 1520 le
129 1475 262 1520 livre
295 1476 360 1520 du
390 1477 527 1521 Pere
559 1476 750 1520 Tertre
782 1481 967 1519 contre
995 1473 1043 1517 le
1073 1474 1212 1518 Pere
1243 1471 1636 1525 Malebranche,
1669 1487 1776 1515 anno
1798 1472 2064 1517 MDCCXV.
2087 1477 2239 1535 scripta

54 1552 248 1612 epistola,
296 1569 405 1613 quae
445 1569 469 1597 a
507 1553 601 1598 Des
629 1552 850 1598 Maizeaux
887 1553 1072 1612 primum
1112 1550 1240 1605 edita,
1287 1566 1311 1594 a
1348 1549 1558 1596 Dutensio
1599 1548 1793 1609 operibus
1833 1548 2127 1608 philosophicis
2165 1551 2238 1596 ad-

54 1637 274 1674 numerata
305 1637 378 1674 est.

170 1706 326 1750 XCVI.
356 1705 426 1750 Ad
456 1705 724 1750 reverend.
757 1706 968 1750 Patrem
999 1705 1104 1748 Des
1136 1703 1333 1748 Bosses
1366 1699 1628 1761 epistolae
1660 1700 1803 1745 duae.
1836 1701 1885 1745 cf.
1918 1706 1992 1743 art.
2022 1699 2150 1746 LXII.

175 1782 348 1826 XCVII.
380 1783 532 1826 Deux
562 1782 751 1826 lettres
783 1782 807 1824 a
838 1781 922 1825 Mr.
953 1782 1238 1840 Bourguet.
1270 1781 1318 1822 cf.
1351 1785 1425 1822 art.
1455 1777 1570 1822 XCI.

170 1859 360 1903 XCVIII.
400 1859 606 1902 Extrait
647 1859 804 1902 d'une
840 1857 999 1902 lettre
1039 1858 1064 1901 Ξι
1102 1858 1184 1901 Mr.
1226 1856 1569 1916 Dangicourt.
1627 1851 1802 1912 Legitur
1840 1851 1946 1896 haec
1985 1853 2160 1911 epistola
2198 1856 2240 1900 in

55 1933 264 1979 Kortholti
303 1935 548 1979 collectione
586 1935 858 1994 epistolarum
889 1934 1080 1978 Leibnitii
1120 1941 1161 1978 et
1190 1935 1231 1977 in
1263 1932 1452 1976 editionis
1481 1930 1770 1974 Dutensianae
1801 1935 1918 1987 parte
1948 1927 2034 1981 III.,
2075 1945 2125 1972 ex
2158 1946 2242 1990 qua

56 2013 341 2071 excerpsimus
373 2027 423 2056 ea
454 2028 562 2071 quae
594 2013 647 2056 ad
678 2011 982 2072 philosophiam
1014 2017 1224 2071 spectant,
1262 2009 1399 2051 missis
1428 2008 1478 2051 iis
1510 2021 1691 2066 quorum
1724 2011 2019 2064 argumentum
2049 2021 2134 2050 non
2164 2008 2242 2052 nisi

55 2088 398 2132 mathematicum
431 2095 503 2132 est.

172 2164 333 2209 XCIX.
373 2164 594 2209 Recueil
635 2164 693 2208 de
732 2163 923 2207 lettres
962 2169 1107 2208 entre
1138 2161 1354 2206 Leibniz
1396 2166 1445 2203 et
1476 2157 1679 2202 Clarke.
1742 2156 1888 2212 Quum
1920 2172 2080 2200 ommes
2111 2157 2237 2218 hujus

56 2243 361 2286 controversiae
403 2249 444 2285 et
484 2242 737 2301 objectiones
777 2247 817 2283 et
855 2240 1149 2300 responsiones
1190 2246 1275 2281 tam
1314 2243 1426 2280 arcte
1456 2237 1564 2279 inter
1595 2250 1639 2277 se
1671 2232 1941 2286 cohaereant,
1986 2240 2034 2275 ut
2063 2241 2242 2294 uterque

56 2315 279 2361 adversarii
307 2320 435 2361 ictum
468 2318 712 2378 excipiendo
743 2333 875 2361 novas
906 2317 1052 2376 plagas
1082 2316 1268 2374 infligere
1300 2319 1487 2365 conetur,
1518 2310 1633 2355 nolui
1663 2309 1739 2353 has
1772 2308 1968 2369 epistolas
1990 2325 2066 2353 suo
2090 2327 2240 2369 quam-

57 2409 140 2452 que
172 2395 393 2438 attribuere
426 2411 548 2449 anno,
580 2395 655 2439 sed
686 2395 885 2452 temporis
917 2395 1076 2437 ratione
1107 2391 1342 2452 posthabita
1374 2405 1473 2433 eum
1504 2388 1668 2431 servavi
1690 2386 1876 2430 ordinem
1900 2401 2026 2444 quem
2047 2387 2088 2429 in
2110 2389 2242 2446 prima

54 2470 141 2528 jam
172 2470 350 2514 editione
380 2470 602 2514 habebant.
661 2471 763 2530 Ejus
796 2470 1103 2513 controversiae
1137 2468 1402 2510 occasionem
1433 2473 1481 2509 ut
1512 2463 1716 2508 benevolo
1747 2463 1890 2506 lectori
1919 2463 1961 2505 in
1993 2466 2241 2507 memoriam

57 2561 273 2599 revocem,
303 2545 426 2590 liceat
455 2547 555 2590 mihi
584 2548 714 2606 ipsius
745 2546 934 2590 Leibnitii
964 2544 1092 2588 verba
1122 2545 1293 2597 inferre,
1327 2542 1477 2601 quibus
1508 2541 1560 2585 ill.
1591 2539 1745 2583 Wolfio
1778 2539 1885 2581 hanc
1917 2554 2006 2581 rem
2039 2542 2242 2598 exposuit.

60 2621 229 2680 Quippe
258 2623 315 2664 ita
345 2630 486 2667 noster
517 2625 554 2666 ei
584 2624 747 2682 scripsit
776 2622 813 2665 d.
837 2626 905 2666 23.
940 2621 1040 2666 Cec.
1071 2621 1168 2664 anni
1188 2618 1476 2663 MDCCXV.:
1513 2616 1815 2661 »Serenissima
1835 2615 2034 2674 Princeps
2055 2616 2244 2669 VValliae,

62 2713 198 2757 »quae
231 2697 538 2742 Theodicaeam
577 2714 718 2743 meam
756 2697 858 2758 legit
888 2713 987 2742 cum
1019 2697 1246 2740 attentione
1278 2695 1424 2748 animi,
1470 2709 1607 2752 eaque
1639 2691 1842 2735 delectata
1874 2698 1956 2745 est,
2003 2707 2137 2750 nuper
2165 2707 2241 2751 pro

63 2789 139 2817 -ea
170 2790 245 2834 pro
279 2775 463 2834 quodam
495 2774 646 2833 Anglo,
679 2774 947 2819 ecclesiastici
979 2773 1150 2825 ordinis,
1183 2786 1402 2814 accessum
1431 2770 1474 2812 in
1507 2768 1602 2812 aula
1623 2766 1802 2811 habente
1823 2766 2058 2826 disputavit,
2092 2774 2135 2810 ut
2152 2768 2241 2825 ipsa

63 2849 190 2893 -mihi
228 2850 440 2909 significat.
508 2849 579 2893 Ille
619 2850 729 2893 dedit
760 2851 983 2894 Serenitati
1022 2864 1122 2891 suae
1153 2847 1312 2906 Regiae
1344 2846 1542 2889 schedam
1573 2843 1748 2903 Anglico
1783 2859 1976 2886 sermone
2009 2858 2032 2884 a
2062 2858 2107 2884 se
2138 2858 2239 2886 con-

66 2927 311 2983 »scriptam,
359 2942 442 2985 qua
473 2926 661 2969 lN'eutoni
701 2927 949 2969 sententiam
981 2925 1088 2967 tueri
1120 2931 1316 2977 conatur,
1361 2936 1588 2980 meamque
1620 2922 1880 2979 impugnare.
1926 2944 1983 2951 ——-
2027 2917 2240 2975 Respondi

66 3005 330 3062 ¹’nuperrime
363 3009 405 3046 ct
434 3002 751 3062 responsionem
782 3016 922 3043 meam
955 3000 1005 3042 ad
1036 3000 1273 3058 Principem
1305 3000 1438 3042 mist«
1472 3023 1530 3030 —-—
1571 2997 1742 3049 Omnia,
1776 3011 1883 3054 quae
1917 2993 2105 3036 Clarkius
2138 2995 2238 3038 scri-

63 3079 144 3138 psit
182 3078 324 3138 lingua
362 3079 523 3138 anglica
563 3078 669 3122 doct.
707 3077 759 3121 (16
795 3076 835 3119 la
865 3075 1012 3119 Roche
1048 3074 1222 3118 reddidit
1262 3074 1429 3134 gallice,
1477 3089 1584 3133 quae
1615 3072 1843 3116 Leibnitius
1874 3068 2018 3128 gallice
2048 3071 2242 3128 concepit

62 3156 327 3198 serenissima
361 3154 430 3199 illa
460 3156 646 3200 Domina
676 3156 719 3198 in
750 3167 989 3198 sermonem
1021 3151 1232 3212 anglicum
1262 3151 1472 3195 transferri
1504 3150 1640 3209 jussit.
1714 3147 1857 3204 Itaque
1897 3146 2035 3187 evcnit
2064 3152 2112 3188 ut
2143 3162 2240 3189 cum

63 3229 187 3289 paulo
219 3237 315 3290 post
345 3231 503 3275 obitum
533 3232 725 3276 Leibnitii
766 3245 912 3274 omnes
951 3228 1030 3273 hae
1060 3226 1260 3290 epistolae
1291 3227 1530 3279 ederentur,
1576 3224 1705 3269 nostri
1745 3224 1868 3266 etiam
1906 3219 2048 3264 literae
2081 3222 2239 3281 anglice

61 3304 309 3366 legerentur.
371 3307 568 3368 Inscn'pta
608 3313 671 3352 est
707 3306 775 3352 illa
807 3304 1017 3352 collectio:
1063 3305 1097 3351 A
1139 3304 1360 3351 collection
1400 3305 1444 3349 of
1479 3317 1652 3363 papcrs,
1697 3296 1835 3343 which
1866 3295 2017 3356 passed
2048 3297 2238 3342 between
