2361 3643
797 83 969 120 LXXIII.

78 187 172 222 certe
198 181 316 217 minus
345 180 534 214 restituros
565 178 680 222 magis
703 176 864 223 juvisse,
894 177 974 212 aliis
1003 176 1132 223 placet,
1159 170 1163 218 l

79 241 224 288 aequale
247 237 425 273 auxilium
453 237 490 272 in
519 236 574 271 his
598 236 681 285 plus
711 235 888 280 effecisse;
923 235 987 270 alii
1006 238 1132 270 contra

77 299 207 335 nolunt
223 296 407 332 hominem
429 295 698 342 quodammodo
736 305 775 328 se
803 293 1005 329 discernere
1032 291 1132 339 apud

76 358 210 396 Deum,
248 355 502 402 praerogativa
537 357 688 389 naturae
724 352 902 398 melioris,
940 355 1003 387 aut
1036 353 1132 387 certe

74 415 193 451 minus
215 414 340 448 malae.

138 473 230 508 136.
255 470 431 517 Equidem
452 469 641 505 indubium
657 472 723 514 est,
748 468 785 503 in
802 468 960 503 rationes
977 467 1131 513 eligendi

74 531 170 578 apud
206 531 412 577 Sapientem
442 528 582 574 ingredi
610 527 941 563 considerationem
978 526 1130 571 qualita-

73 592 153 625 tum
188 588 334 633 ohjecti.
402 587 486 622 Non
521 590 643 621 tamen
678 596 818 631 semper
853 585 931 632 ipsa
966 584 1131 620 absolute

73 650 218 694 sumpta
247 646 378 690 objecti
408 645 627 691 praestantia
648 644 824 679 rationem
846 642 1001 689 eligendi
1025 642 1130 689 facit,

74 706 136 741 scd
157 716 263 751 saepe
283 703 534 740 convenientia
555 703 606 738 rei
628 702 675 737 ad
695 707 833 738 certum
855 702 962 738 finem
979 702 1014 736 in
1031 704 1129 736 certa

73 775 194 799 rerum
214 762 406 809 hypothesi
428 762 542 805 magis
565 764 756 808 spectatur.

136 822 228 857 137.
253 821 308 856 lta
335 820 410 854 fieri
439 823 578 866 potest,
611 822 649 854 ut
678 819 715 853 in
737 820 914 854 structura
935 817 991 852 vel
1011 817 1049 852 in
1071 827 1129 852 or-

71 883 157 916 natu
186 890 260 914 non
287 878 442 922 eligatur
470 877 560 924 lapis
582 877 839 924 pulcherrimus
862 879 923 911 aut
944 875 1130 922 pretiosis-

71 938 197 984 simus,
220 937 282 971 sed
303 937 364 982 qui
387 937 506 972 locum
528 939 716 971 vacantem
738 936 876 982 optime
897 935 1034 980 implet.

133 995 226 1030 138.
255 995 495 1030 Tutissimum
525 998 645 1029 autem
666 997 719 1029 est
741 998 898 1029 statuere
918 1003 1044 1027 omnes
1064 991 1127 1026 ho-

68 1053 196 1100 mines,
218 1064 300 1089 cum
325 1054 398 1089 sint
418 1053 656 1099 spiritualiter
672 1053 816 1098 mortui,
839 1051 1036 1097 aequaliter
1049 1061 1127 1086 esse

68 1115 107 1148 at
134 1123 208 1147 non
236 1112 402 1147 similiter
431 1111 558 1147 malos.
618 1111 743 1158 Itaque
773 1111 894 1157 pravis
924 1108 1126 1145 inclinatio·

68 1171 137 1206 bus
165 1170 352 1216 different,
383 1170 592 1216 evenietque
622 1173 660 1205 ut
681 1170 950 1216 praeferantur,
979 1168 1039 1214 qui
1062 1178 1126 1213 per
1152 1178 1155 1212 1

67 1229 197 1264 seriem
221 1239 341 1264 rerum
376 1228 655 1263 circumstantiis
684 1227 1002 1263 favorabilioribus
1032 1225 1124 1270 obji-
1152 1214 1155 1277 f

65 1287 224 1332 ciuntur,
261 1287 298 1321 in
333 1287 464 1332 quibus
486 1287 665 1322 minorem
688 1286 813 1333 (certe
834 1287 870 1321 in
892 1280 1017 1334 exitu)
1040 1295 1123 1320 exe·

65 1345 199 1380 rendae
235 1345 427 1390 peculiaris
461 1345 672 1392 pravitatis,
707 1344 885 1389 majorem
915 1343 1123 1390 recipiendo
1151 1336 1155 1369 ¹.

64 1403 182 1447 gratia
202 1403 426 1438 occasionem
448 1403 628 1439 invenere.
1152 1376 1156 1428 l

127 1461 218 1496 139.
247 1461 374 1506 Itaque
400 1461 517 1496 nostri
544 1471 687 1507 quoque
707 1460 900 1507 Theologi,
936 1451 1124 1505 experien-

62 1518 152 1555 tiam
173 1519 302 1565 secuti,
326 1519 364 1554 in
385 1519 544 1554 externis
565 1523 661 1554 certe
683 1519 810 1553 salutis
832 1517 991 1563 auxiliis,
1013 1517 1124 1551 etiam

61 1588 144 1613 cum
165 1576 327 1623 aequalis
348 1583 442 1612 esset
463 1577 608 1612 interna
627 1577 755 1621 gratia,
777 1578 1000 1620 agnoverunt
1020 1575 1123 1610 diffe-

60 1636 217 1671 rentiam
247 1636 435 1672 hominum
466 1636 664 1681 insignem,
701 1638 737 1669 et
766 1635 803 1669 in
832 1632 1121 1669 circumstantia-

61 1705 143 1729 rum
164 1698 423 1730 extranearum
453 1705 519 1729 nos
548 1693 781 1729 afficientium
803 1692 1017 1728 oeconomia
1038 1701 1123 1726 con-

62 1752 203 1797 fugiunt
223 1753 267 1787 ad
289 1743 433 1792 Βοέἓῖος
456 1753 578 1787 Pauli:
601 1752 688 1786 dnm
706 1755 803 1787 sorte
825 1750 1005 1796 nascendi,
1035 1749 1121 1784 edu·
1150 1721 1153 1827 ἒ

61 1809 233 1854 cationis,
255 1811 557 1855 conversationis,
589 1811 685 1845 vitae
713 1810 873 1856 generis,
902 1819 1123 1854 casuumque
1150 1830 1151 1843 2

61 1868 315 1913 fortuitorum,
338 1879 444 1914 saepe
471 1868 636 1903 homines
673 1871 737 1903 aut
773 1870 1025 1915 pervertuntur
1060 1870 1123 1902 aut

61 1926 308 1961 emendantur.

125 1984 218 2019 140.
249 1985 304 2019 Ita
335 1984 373 2018 fit
394 1986 434 2018 ut
461 1987 602 2029 praeter
618 1983 819 2029 Christum,
856 1985 891 2018 et
912 1982 1118 2029 praevisam

61 2044 176 2078 status
212 2042 378 2077 salutaris
409 2041 577 2077 ultimam
615 2041 917 2088 perseverentiam
947 2051 1018 2086 qua
1048 2040 1119 2086 ipsi

60 2100 286 2147 adhaeretur,
309 2100 449 2135 nullum
471 2099 666 2135 Electionis
687 2102 750 2135 aut
774 2099 914 2134 dandae
935 2098 1017 2133 fidei
1038 2099 1119 2133 fun-

60 2159 272 2196 damentum
292 2159 398 2196 nobis
419 2159 638 2206 innotescat,
668 2158 766 2195 nulla
795 2157 919 2204 regula
947 2156 1118 2192 constitui

1029 80 1303 118 CAUSA
1361 79 1513 115 DEI.

2160 77 2243 118 ⁴363

1189 174 1330 220 debeat,
1353 172 1455 217 cujus
1476 171 1670 219 applicatio
1691 171 1830 207 anobis
1851 171 1997 218 agnosci
2017 170 2157 219 debeat,
2182 184 2244 219 per

1187 243 1296 279 quam
1323 232 1457 267 scilicet
1484 231 1649 267 homines
1677 233 1739 266 aut
1768 229 1923 266 blandiri
1943 229 2031 277 sibi,
2051 233 2114 266 aut
2135 231 2246 266 insul-⁴

1188 294 1266 326 tare
1285 291 1366 325 aliis
1386 290 1538 336 possint.

1253 349 1344 384 141.
1375 349 1469 385 Nam
1500 347 1679 383 interdum
1704 346 1886 381 insolitam
1908 346 2126 392 pravitatem
2146 357 2243 382 sum-

1189 418 1358 454 mamque
1392 407 1581 443 resistendi
1617 405 1900 440 obstinationem
1932 404 2040 440 vincit
2070 405 2168 440 Deus
2195 417 2241 440 ne

1188 467 1378 514 quisquam
1413 465 1456 500 de
1493 464 1738 500 misericordia
1774 463 1959 509 desperet,
1995 463 2090 509 quod
2127 463 2171 498 de
2202 475 2240 499 se

1188 526 1320 561 Paulus
1347 525 1484 570 innuit3
1513 522 1692 559 interdum
1720 521 1781 557 diu
1811 522 1897 557 boni
1933 521 1971 556 in
1993 522 2113 557 medio
2133 532 2240 558 cursu

1187 584 1373 629 deficiunt,
1412 593 1458 616 ne
1493 582 1573 628 quis
1606 581 1676 616 sibi
1706 580 1857 615 nimium
1887 580 1992 624 fidat,
2029 581 2240 627 plerumque

1187 645 1307 677 tamen
1328 641 1376 687 ii,
1406 651 1560 686 quorum
1587 640 1705 675 minor
1732 642 1784 674 est
1804 638 2002 674 reluctandi
2024 639 2183 685 pravitas
2204 642 2240 674 et

1187 700 1305 744 majus
1326 700 1483 734 studium
1505 699 1579 733 veri
1601 698 1775 745 bonique,
1798 697 1976 742 majorem
1996 697 2140 732 divinae
2159 708 2239 742 gra·

1186 759 1258 794 tiae
1294 760 1449 793 fructum
1484 757 1660 802 sentiunt,
1696 767 1740 790 ne
1775 756 1854 803 quis
1884 755 1930 791 ad
1966 756 2120 790 salntem
2149 755 2239 790 nihil

1185 817 1357 852 interesse
1404 819 1530 863 putet,
1581 814 1763 861 quomodo
1814 826 1852 850 se
1899 814 2061 849 homines
2101 816 2237 858 gerant.

1185 875 1279 911 Add.
1305 872 1336 916 ξ.
1366 875 1456 910 112.

1250 933 1340 968 142.
1378 934 1502 979 Ipsum
1536 934 1655 967 autem
1684 919 1828 971 Reice-*og
1854 931 1892 965 in
1913 930 2067 965 Divinae
2100 930 2239 976 sapien-

1185 993 1256 1027 tiae
1277 992 1469 1037 thesauris,
1494 991 1548 1025 vel
1570 991 1607 1025 in
1629 991 1707 1026 Deo
1728 989 1960 1034 abscondito,
1984 991 2018 1023 et
2038 985 2157 1037 (quod
2179 999 2240 1023 eo-

1184 1051 1267 1086 dem
1294 1050 1414 1094 redit)
1455 1050 1493 1084 in
1521 1049 1714 1084 universali
1751 1058 1872 1083 rerum
1906 1046 2095 1081 harmonia
2131 1046 2239 1091 latet:r

1183 1119 1276 1155 quae
1297 1110 1380 1144 fecit
1401 1112 1439 1144 ut
1461 1108 1547 1142 haec
1569 1107 1681 1142 series
1702 1106 1889 1153 Universi,
1922 1104 2112 1150 complexa
2133 1115 2239 1138 even-

1182 1171 1239 1203 tus
1259 1178 1350 1214 quos
1371 1167 1566 1212 miramur,
1593 1165 1729 1209 judicia
1751 1175 1841 1211 quae
1862 1163 2074 1208 adoramus,
2099 1162 2240 1208 optima

1180 1226 1486 1273 praeferendaque
1507 1225 1677 1260 omnibus
1706 1235 1727 1259 a
1748 1224 1825 1258 Deo
1843 1222 2079 1267 judicaretur.
2143 1220 2239 1256 Add.

1182 1283 1214 1327 ξ.
1252 1284 1345 1320 126.

1246 1343 1338 1379 143.
1368 1342 1565 1377 Theatrum
1603 1340 1729 1376 mundi
1765 1338 1930 1386 corporei
1958 1337 2072 1382 magis
2107 1335 2239 1380 magis-

1181 1412 1250 1448 que
1279 1402 1358 1449 ipso
1393 1404 1546 1435 naturae
1572 1400 1708 1434 lumine
1736 1398 1774 1433 in
1814 1398 1879 1433 hac
1914 1397 1988 1432 vita
2021 1395 2240 1440 elegantiam

1182 1471 1285 1495 suam
1313 1459 1420 1494 nobis
1449 1458 1625 1504 ostendit,
1656 1457 1741 1492 dum
1769 1457 1971 1500 Systemata
1999 1453 2240 1490 Macrocosmi

1182 1522 1217 1553 et
1234 1517 1468 1553 Microcosmi
1484 1517 1725 1552 recentiorum
1746 1515 1904 1550 inventis
1925 1513 2060 1560 aperiri
2076 1523 2239 1557 coepere.

1246 1576 1338 1610 144.
1368 1576 1437 1611 Sed
1466 1586 1549 1621 pars
1576 1585 1697 1609 rerum
1728 1572 2061 1620 praestantissima,
2101 1570 2238 1607 Civitas

1182 1634 1268 1680 Dei,
1301 1634 1541 1680 spectaculum
1569 1636 1623 1668 est
1644 1632 1745 1677 cujus
1774 1632 1819 1666 ad
1848 1630 2152 1676 pulchritudinem
2174 1639 2239 1663 no-

1182 1692 1350 1727 scendam
1384 1691 1579 1737 aliquando
1609 1691 1755 1725 demum
1785 1690 1955 1724 illustrati
1983 1688 2134 1723 Divinae
2162 1687 2240 1732 glo-

1181 1750 1257 1785 riae
1277 1750 1413 1785 lumine
1435 1749 1582 1796 propius
1602 1749 1847 1784 admittemur.
1909 1747 2011 1782 Nunc
2033 1746 2128 1781 enim
2151 1745 2239 1780 solis

1181 1809 1263 1844 fidei
1292 1809 1423 1853 oculis,
1454 1807 1489 1842 id
1518 1812 1570 1842 est
1594 1807 1748 1842 Divinae
1783 1805 2013 1852 perfectionis
2041 1803 2241 1839 certissima

1180 1867 1310 1902 fiducia
1338 1866 1470 1910 attingi
1498 1869 1638 1913 potest:
1667 1865 1730 1900 ubi
1761 1868 1898 1910 quanto
1929 1863 2045 1910 magis
2066 1865 2241 1897 110111311-

1181 1928 1258 1960 tum
1294 1925 1497 1971 potentiam
1533 1929 1568 1959 et
1605 1924 1842 1970 sapientiam,
1880 1922 1944 1958 sed
1972 1925 2009 1956 et
2037 1921 2240 1957 bonitatem

1178 1984 1374 2028 Supremae
1403 1982 1541 2017 Mentis
1570 1982 1731 2017 exerceri
1760 1981 2021 2027 intelligimus,
2059 1990 2102 2014 eo
2123 1978 2240 2023 magis

1177 2041 1424 2076 incalescimus
1459 2050 1583 2075 amore
1612 2040 1700 2086 Dei,
1732 2038 1835 2074 etad
1863 2038 2106 2073 imitationem
2127 2046 2239 2082 quan-

1176 2098 1261 2134 dam
1285 2098 1428 2133 divinae
1449 2097 1623 2134 bonitatis
1641 2097 1874 2144 justitiaeque
1894 2096 2173 2132 inflammamur.

1739 3340 1832 3378 84⁰
