2361 3643
623 92 756 132 XCIII.
816 92 887 130 AD
917 90 1006 131 DES
1035 88 1202 130 BOSSES
1231 87 1462 127 EPISTOLA
1490 86 1649 125 XXVII.

336 243 620 285 EPISTOLA
657 243 820 283 XXVII.

100 352 510 393 Reverendissime
537 353 693 399 pater,
723 349 881 386 fautor
917 346 1064 385 Hono-

458 420 718 460 ratissime.

117 540 200 578 Non
220 538 447 588 aspernanda
461 539 564 584 sunt,
589 546 683 583 quae
699 534 885 582 respondit
903 534 947 570 D.
968 533 1112 569 Hart-

60 599 309 646 soekerus3
330 598 490 635 nondum
511 599 635 632 tamen
655 597 760 630 extra
780 594 930 630 dublum
946 603 1022 628 rem
1040 591 1113 628 eol-

60 659 201 706 locant,
229 659 352 705 itaque
378 659 530 693 sortasse
556 665 632 689 non
659 653 787 689 inutile
806 654 876 689 erit
896 652 1031 687 instare
1051 660 1115 698 per

61 718 337 764 replicationem
371 714 563 760 adjunctae
600 712 767 748 similem.
833 712 975 747 Interea
1009 710 1116 757 plane

63 778 183 812 tecum
202 775 338 822 sentio,
369 775 399 809 si
419 772 508 819 quid
536 774 650 807 mutet
669 771 760 806 situs
779 770 951 806 adversus
971 769 1010 805 in
1031 779 1116 815 ope-

63 834 205 870 ratione
225 832 427 879 Magnetis,
459 832 612 866 sortasse
632 829 855 866 accuratiore
876 830 1118 864 instrumento

64 892 235 928 sensibile
269 891 371 928 reddi
404 900 530 938 posse,
566 889 635 925 etsi
669 889 708 924 in
734 889 908 924 limatura
936 887 1023 923 ferri
1042 896 1119 922 11011

61 951 247 986 sentiatur.

120 1009 261 1044 Acutae
295 1007 412 1043 solent
446 1017 524 1042 esse
556 1004 778 1050 objectiones
813 1007 896 1041 tuae
915 1032 925 1053 ,
961 1003 1120 1050 mihique

63 1077 208 1114 semper
228 1069 312 1103 sunt
333 1068 468 1111 gratae.
518 1065 554 1100 Si
575 1075 646 1111 qua
667 1065 770 1100 detur
790 1064 877 1099 unio
898 1063 1019 1110 realis,
1043 1073 1120 1098 rea-

65 1125 201 1173 lizans,
246 1125 302 1161 vel
346 1124 468 1171 potius
504 1123 823 1160 substantializans
858 1123 1118 1169 phaenomena,

64 1185 210 1231 quaeris
238 1184 326 1231 quid
351 1183 484 1219 efficiat
516 1182 735 1219 mutationes
768 1181 809 1217 in
842 1181 924 1228 ipso
958 1190 1119 1227 corpore.

65 1242 284 1291 Respondeo
299 1253 382 1278 cum
403 1253 545 1289 corpus,
568 1241 597 1277 si
619 1252 685 1288 pro
707 1240 912 1276 substantia
932 1239 1117 1285 habeatur,

67 1360 269 1397 Monadum
290 1359 461 1407 resultat,
488 1359 715 1395 resultabunt
744 1358 827 1394 inde
850 1358 961 1392 etiam
983 1355 1120 1392 modifi-

64 1419 246 1465 cationes,
269 1429 358 1464 quas
377 1418 544 1464 habebit,
564 1417 767 1453 Monadum
788 1415 1050 1452 mutationibus
1071 1424 1124 1450 re·
1152 1427 1153 1430 ¹

67 1476 305 1524 spondentes,
333 1480 370 1511 et
396 1476 482 1510 fient
511 1475 682 1510 hactenus
709 1486 800 1521 quae
822 1475 930 1519 vulgo
951 1474 1124 1509 dicentur.

69 1535 250 1572 Monades
278 1535 434 1580 influent
467 1533 506 1568 in
536 1534 604 1568 hoc
629 1533 826 1579 realizans,
862 1532 983 1579 ipsum
1002 1535 1127 1567 tamen

68 1593 106 1630 in
128 1594 290 1641 ipsarum
317 1592 457 1638 legibus
485 1591 537 1626 nil
558 1590 715 1626 mutabit
743 1601 826 1626 cum
853 1590 1023 1636 quicquid
1051 1599 1128 1624 mo·

68 1652 317 1689 dificationum
336 1651 463 1698 habet,
494 1650 542 1686 ab
563 1649 654 1697 ipsis
674 1649 806 1685 habeat
834 1645 944 1698 (quae
965 1648 997 1683 si
1018 1642 1124 1696 vero)

70 1711 285 1747 naturaliter
313 1710 467 1756 scilicet,
495 1720 571 1745 non
599 1711 723 1744 tamen
750 1707 951 1744 formaliter
979 1716 1042 1742 seu
1074 1717 1128 1741 es-

71 1768 282 1815 sentialiter,
302 1779 384 1804 611111
401 1769 498 1803 Deus
519 1767 551 1802 ei
573 1767 733 1802 tribuere
754 1767 869 1814 possit
888 1776 981 1812 quae
1001 1775 1126 1800 mona-

71 1828 135 1864 des
155 1837 230 1863 non
250 1826 348 1874 dant,
370 1829 434 1862 aut
455 1827 595 1861 auferre
615 1835 707 1871 quae
728 1824 826 1863 dant.
872 1825 973 1866 Quae
1001 1826 1128 1860 contra

74 2064 170 2100 Sane
191 2062 221 2098 si
256 2061 344 2107 quid
379 2060 417 2095 in
452 2070 604 2107 corpore
632 2061 684 2094 est
714 2058 951 2094 substantiale
987 2060 1131 2104 praeter

73 2120 278 2168 Monades,
299 2130 446 2155 suarum
466 2118 696 2166 propriarum
717 2116 1037 2163 modificationum,
1055 2127 1132 2152 cor-

74 2191 143 2228 pus
176 2190 285 2215 causa
317 2189 394 2214 esse
421 2177 546 2225 debet,
582 2186 712 2223 easque
741 2175 891 2212 habebit
920 2175 1133 2211 naturaliter

75 2238 271 2286 pendentes
292 2248 313 2273 a
334 2236 563 2283 monadibus,
585 2246 674 2282 quas
695 2235 791 2282 unit,
813 2234 1132 2281 supernaturaliter

73 2308 98 2333 a
119 2297 208 2343 Deo,
230 2296 292 2342 qui
312 2296 359 2332 ab
380 2295 468 2343 ipsis
488 2294 692 2341 disjungere
713 2296 844 2341 potest.
903 2293 1029 2339 Itaque
1050 2303 1133 2328 cum

75 2355 132 2391 ais
153 2355 304 2402 debere,
342 2358 405 2390 aut
438 2365 460 2389 a
481 2354 558 2389 Deo
586 2364 650 2400 per
677 2352 892 2388 miraculum
920 2355 1132 2398 perpetuum

76 2413 209 2450 habere
230 2413 514 2460 modificationes
537 2423 632 2459 51135,
654 2413 717 2447 3111
737 2422 760 2446 a
779 2410 1020 2455 Monadibus3
1052 2410 1133 2445 dico

76 2483 99 2508 a
119 2472 342 2507 Monadibus
376 2471 508 2507 habere
542 2470 756 2506 naturaliter
790 2473 826 2505 et
853 2470 1082 2516 plerumque,
1112 2479 1134 2503 a

76 2531 157 2566 Deo
178 2530 393 2566 miraculose
414 2532 450 2564 et
470 2539 567 2575 raro,
588 2528 651 2576 qui
671 2529 805 2575 poterit
825 2528 974 2573 efficere,
998 2531 1038 2562 ut
1058 2538 1134 2562 mo-

78 2588 234 2625 nadibus
261 2587 478 2634 respondeat
505 2587 604 2634 prius
633 2597 708 2622 non
736 2588 820 2621 suis.

77 2705 266 2742 unitorum
294 2705 333 2740 in
358 2704 479 2751 ipsum
504 2703 681 2751 influxus,
711 2703 847 2749 alioqui
873 2713 948 2738 non
977 2703 1047 2738 erit
1073 2713 1135 2737 cur

80 2764 266 2800 vinculum
294 2773 421 2798 eorum
448 2761 520 2797 dici
549 2761 672 2808 possit.
733 2761 921 2797 Caeterum
950 2771 1024 2797 non
1045 2771 1136 2807 opus

77 2823 149 2859 erit
182 2822 269 2870 poni
303 2821 375 2857 nisi
401 2821 438 2856 in
467 2820 682 2868 corporibus
711 2830 802 2866 quae
821 2819 955 2856 habent
984 2819 1136 2856 Mona-

79 2881 181 2918 dem
202 2881 541 2925 dominantem,
564 2889 626 2915 seu
647 2889 740 2925 quae
760 2881 844 2914 sunt
863 2889 976 2915 unum
997 2889 1062 2925 per
1083 2889 1132 2925 se,

79 2945 121 2979 ut
139 2940 324 2987 organica,
347 2940 385 2974 et
404 2938 485 2974 huic
504 2948 646 2984 semper
666 2937 878 2973 adhaerebit
897 2936 1061 2972 Monadi.

138 3000 266 3037 Altera
300 2997 459 3042 obJectio
495 2997 581 3033 haec
608 2998 674 3032 est.
736 2995 774 3032 Si
800 2995 982 3032 Monades
1010 3005 1136 3031 omnes

79 3069 128 3094 ex
146 3058 296 3106 proprio
317 3067 424 3105 penu,
446 3058 486 3092 ut
506 3056 556 3092 sic
576 3056 714 3102 loquar,
735 3056 771 3089 et
792 3054 868 3090 sine
888 3054 963 3090 ullo
984 3053 1135 3101 physico

80 3117 186 3153 unius
206 3117 244 3152 in
263 3116 354 3153 alias
378 3115 539 3161 influxu,
567 3113 816 3162 perceptiones
836 3124 919 3150 suas
938 3113 1082 3161 habent,
1105 3113 1137 3148 si

81 3177 268 3222 praeterea
286 3174 481 3221 cujuslibet
501 3173 671 3211 Monadis
700 3173 947 3220 perceptiones
974 3172 1134 3219 caeteris,

82 3244 174 3280 quae
193 3244 289 3271 nunc
308 3245 330 3271 a
345 3235 424 3271 Deo
439 3236 580 3272 creatae
597 3235 690 3280 sunt,
711 3229 946 3279 Monadibus,
969 3241 1137 3268 earumve

881 2586 920 2622 Si
941 2585 1037 2632 quod
1059 2585 1134 2620 vin·
1161 2597 1164 2608 ⁴

78 2647 200 2683 culum
229 2647 326 2682 reale
353 2645 527 2693 possibile
556 2649 629 2692 est,
659 2648 803 2692 oportet
824 2647 863 2680 ut
884 2644 1068 2691 possibilis
1088 2644 1135 2678 sit
1162 2654 1163 2663 ¹

2133 85 2219 129 727

1164 181 1457 231 perceptionibus
1472 182 1632 229 praecise
1646 179 1880 228 respondent,
1901 190 1976 218 non
1995 181 2115 228 potuit
2134 192 2220 229 ergo

1166 243 1262 279 Deus
1282 242 1395 278 ullam
1415 252 1463 276 cx
1482 240 1548 288 his,
1570 250 1662 288 quae
1681 249 1775 276 nunc
1795 239 1974 288 existunt,
1996 239 2220 277 Monadibus

1164 311 1296 349 creare,
1316 301 1404 347 quin
1420 299 1510 335 alias
1529 310 1653 336 omnes
1666 298 1836 336 conderet
1850 301 1917 335 etc.
1947 299 2148 348 Responsio
2167 302 2222 336 est

1166 360 1299 406 facilis,
1321 362 1358 395 et
1384 358 1520 395 dudum
1540 357 1636 394 data.
1695 357 1819 394 Potuit
1843 357 2027 406 absolute,
2056 369 2131 394 non
2158 369 2221 405 po-

1168 418 1238 454 tuit
1257 418 1504 465 hypothetice,
1531 427 1579 452 ex
1607 428 1679 463 quo
1707 416 1864 452 decrevit
1883 417 2007 453 omnia
2028 416 2216 465 sapientis-

1167 477 1256 513 sime
1282 487 1399 522 agere.
1458 476 1631 522 Deceptio
1657 480 1779 512 autem
1799 479 2042 512 creaturarum
2062 475 2222 512 rationa-

1168 535 1257 572 lium
1285 536 1386 571 nulla
1412 536 1508 571 foret
1533 534 1600 570 etsi
1626 535 1879 581 phaenomenis
1906 546 2031 570 earum
2051 546 2123 571 non
2144 543 2223 570 om-

1170 594 1258 630 nino
1288 597 1392 630 extra
1419 594 1535 640 ipsas,
1572 595 1608 628 et
1637 596 1763 629 exacte
1795 594 2071 641 responderent,
2108 593 2223 630 immo

1171 653 1304 700 etiam,
1340 653 1371 688 si
1391 652 1498 700 nihil,
1522 651 1633 688 veluti
1668 651 1699 687 si
1728 662 1829 688 1116115
1858 652 1981 699 aliqua
2001 652 2079 688 sola
2109 654 2223 698 essetx,

1174 712 1259 759 quia
1293 712 1418 748 omnia
1451 710 1604 758 perinde
1638 710 1844 758 evenirent,
1880 722 1922 747 ac
1955 712 1987 746 si
2013 713 2133 746 essent
2152 710 2225 746 alia

1175 771 1322 819 omnia,
1351 781 1465 818 neque
1486 770 1549 806 illa
1567 780 1650 806 cum
1670 769 1812 806 ratione
1831 780 1941 815 agens
1961 770 2031 806 51111
2052 770 2227 805 damnum

1174 833 1380 867 accerseret.
1439 830 1519 865 Hoc
1538 829 1635 865 enim
1655 832 1708 864 est
1728 839 1799 864 non
1821 829 1911 864 falli.
1961 828 2010 864 Ut
2031 831 2152 864 autem
2169 827 2228 871 ju-

1176 890 1308 925 dicium
1328 889 1532 936 probabile,
1552 888 1650 935 quod
1671 889 1845 923 formaret
1864 887 1908 923 de
1930 887 2123 923 existentia
2139 885 2227 921 alia-

1176 959 1257 985 rum
1276 951 1543 995 creaturarum,
1562 957 1687 982 verum
1707 949 1818 994 esset,
1839 956 1912 982 non
1933 946 2048 991 magis
2068 955 2230 981 necessa-

1177 1007 1272 1043 rium
1293 1008 1406 1053 foret,
1435 1016 1543 1053 quam
1564 1016 1706 1042 11666556
1725 1004 1813 1051 fuit,
1844 1007 1885 1040 ut
1906 1007 1999 1040 terra
2019 1004 2229 1050 quiesceret,

1177 1066 1261 1112 quia
1288 1066 1411 1113 paucis
1445 1065 1623 1111 exceptis,
1662 1066 1781 1099 totum
1817 1073 1928 1109 genus
1954 1063 2153 1098 humanum
2180 1061 2232 1096 ita

1176 1125 1306 1161 merito
1337 1124 1426 1160 olim
1451 1122 1640 1168 judicavit.
1699 1122 1783 1158 Non
1811 1121 1921 1166 igitur
1942 1131 1989 1157 ex
2009 1121 2232 1165 necessitate,

1175 1184 1238 1220 sed
1265 1194 1313 1219 ex
1331 1183 1509 1230 sapientia
1530 1182 1596 1218 Dei
1618 1182 1676 1227 fit,
1698 1183 1739 1216 ut
1754 1180 1892 1226 judicia
1918 1191 1966 1216 ex
1985 1179 2147 1216 maxime
2175 1189 2235 1214 ve-

1149 1274 1151 1284 ,
1176 1242 1391 1279 risimilibus
1466 1244 1540 1277 1051
1590 1241 1725 1276 11611311]
1765 1239 2025 1275 discussionem
2064 1239 2220 1275 formata

67 1302 159 1337 nihil
179 1301 280 1338 aliud
299 1312 377 1337 csse
396 1301 531 1348 possit,
561 1310 669 1347 quarn
691 1299 788 1346 quod
808 1310 856 1334 ex
876 1299 1011 1334 unione
1032 1296 1120 1333 reali
1150 1293 1151 1307 ¹
1401 1268 1412 1290 ³
1454 1252 1468 1289 l
1577 1251 1592 1288 l
2223 1262 2235 1285 '

1177 1302 1249 1338 sint
1265 1312 1362 1337 vera.

1238 1360 1339 1396 Nihil
1383 1359 1430 1396 ab
1467 1358 1750 1406 Archiepiscopo
1794 1356 2043 1392 Cameracensi
2086 1354 2235 1403 prodiit,

1181 1418 1279 1466 quod
1300 1429 1374 1455 non
1394 1428 1567 1464 magnum
1589 1417 1687 1463 ejus,
1718 1419 1754 1451 et
1775 1415 1956 1462 singulare
1977 1415 2162 1461 ingenium
2181 1424 2238 1450 re-

1182 1477 1332 1513 doleret.
1393 1476 1463 1513 Sed
1497 1477 1629 1512 vellem
1663 1475 1748 1511 facti
1782 1473 2079 1509 infallibilitatem
2111 1475 2239 1509 contra

1155 1557 1157 1570 ι
1183 1535 1478 1582 Bellarmini,
1507 1537 1544 1570 et
1571 1537 1627 1570 tot
1655 1534 1811 1569 aliorum
1839 1543 2054 1577 magnorum
2075 1531 2239 1567 virorum

1185 1594 1402 1630 sententiam
1418 1592 1607 1629 defendere
1622 1603 1696 1629 nou
1713 1594 1896 1628 tentasset.
1918 1591 2028 1626 Volui
2044 1589 2238 1637 aliquando

1186 1653 1263 1700 ipse
1283 1663 1344 1699 per
1364 1662 1422 1687 me
1443 1655 1633 1698 penetrare
1654 1652 1690 1686 in
1726 1650 1854 1685 intima
1874 1650 1896 1685 J
1906 1649 2089 1685 ansenii
2124 1658 2239 1695 sensa,

1186 1711 1248 1747 sed
1269 1714 1325 1747 tot
1346 1710 1436 1756 alia,
1467 1709 1605 1754 agenda
1634 1712 1669 1745 et
1698 1708 1907 1744 meditanda
1936 1719 2011 1744 non
2032 1708 2239 1755 permisere.

1186 1769 1292 1812 Quod
1327 1771 1509 1816 superest,
1548 1768 1626 1803 vale
1652 1770 1688 1804 et
1709 1768 1801 1803 fave.
1862 1767 2007 1803 Dabam
2027 1767 2243 1804 Hanoverae

1158 1860 1161 1873 ,
1189 1829 1255 1864 29.
1276 1828 1415 1876 Aprilis
1441 1827 1566 1864 1715.

69 1885 228 1934 proferri
261 1888 435 1932 possunt,
470 1884 643 1920 valebunt
677 1882 799 1919 omnia
834 1883 871 1918 in
898 1893 1130 1919 communem
1158 1876 1159 1924 ζ

72 1945 277 1981 doctrinam
306 1943 531 1979 substantiae
553 1952 768 1988 corporeae,
797 1952 860 1977 seu
886 1941 926 1976 in
955 1941 994 1977 id
1022 1951 1130 1976 omne
1157 1964 1161 1981 ;

73 2003 172 2051 quod
213 2001 451 2038 substantiale
492 2000 714 2037 Monadibus
756 1999 950 2046 superaddi
998 1995 1161 2046 potest.'

1781 1882 2035 1919 Deditissimus

1558 1943 1603 1980 G.
1650 1943 1694 1978 G.
1739 1942 2127 1978 Leibnitius.

1246 2002 1286 2039 P.
1315 2002 1350 2038 S.
1410 2001 1631 2048 Exemplum
1658 2000 1906 2036 Theodicaeae
1934 2010 2036 2035 meae
2065 1999 2104 2034 in
2125 1997 2246 2034 Gallia

1160 2086 1162 2093 ,
1189 2061 1326 2107 editae,
1349 2060 1387 2095 in
1407 2059 1640 2106 duodecima,
1662 2069 1772 2105 quam
1794 2061 1944 2104 vocant,
1978 2058 2098 2093 forma
2117 2066 2245 2102 nuper,

1189 2119 1311 2155 nescio
1340 2118 1442 2164 cujus
1472 2118 1601 2164 missu,
1634 2127 1682 2152 ex
1710 2117 1857 2152 Batavis
1886 2115 2018 2163 accepi.
2077 2114 2247 2161 Suspicor

1189 2178 1233 2213 R.
1269 2177 1388 2214 Patris
1425 2175 1699 2213 Turnemini
1734 2185 1863 2210 munus
1885 2186 1983 2222 esse,
2018 2172 2075 2208 cui
2110 2173 2247 2220 gratias

1190 2236 1326 2286 debeo,
1354 2239 1390 2272 et
1419 2238 1460 2272 ut
1485 2246 1567 2272 meo
1588 2234 1752 2281 nomine,
1784 2245 1848 2282 per
1869 2233 2115 2280 occasionem,
2147 2241 2245 2280 agas,

1189 2298 1285 2344 peto.

1445 2581 1782 2621 EPISTOLA
1821 2581 1997 2619 XXVIII.

1237 2687 1658 2728 Reverendissime
1691 2690 1846 2736 pater,
1876 2687 2034 2725 fautor
2055 2685 2198 2722 Hono-

1599 2758 1846 2794 ratissime.

1251 2877 1390 2913 Acutae
1427 2878 1513 2911 sunt
1547 2874 1741 2912 instantiae
1775 2877 1876 2923 tuae,
1913 2876 2020 2919 atque
2048 2868 2129 2904 ideo
2158 2878 2240 2904 cum

1193 2936 1379 2983 voluptate
1407 2934 1456 2971 ad
1475 2946 1537 2971 eas
1556 2933 1791 2981 respondeo,
1809 2944 1894 2969 nam
1922 2934 1958 2967 et
1978 2939 2035 2965 me
2055 2927 2185 2963 docent
2205 2930 2244 2963 et

1191 3005 1270 3031 rem
1289 2995 1485 3030 illustrant.
1543 2993 1720 3041 Incipiam
1739 3003 1761 3029 a
1781 2995 1883 3040 parte
1901 2986 2112 3037 posteriore.
2161 2985 2241 3021 Ma-

1192 3054 1294 3090 xima
1329 3052 1643 3089 verisimilitudine
1672 3051 1895 3097 judicamus,
1936 3056 2003 3082 nos
2036 3052 2112 3080 non
2143 3043 2240 3079 solos

1192 3113 1346 3149 existere
1372 3122 1446 3148 non
1475 3113 1619 3148 tantum
1645 3122 1693 3147 ex
1712 3107 1889 3158 principio
1915 3103 2069 3141 Divinae
2093 3101 2239 3149 Sapien-

1192 3171 1276 3219 tiae,
1313 3170 1376 3206 sed
1410 3170 1521 3207 etiam
1554 3182 1602 3207 ex
1635 3168 1812 3218 principio
1839 3165 1902 3200 illo
1932 3160 2116 3198 communi
2142 3160 2239 3208 quod

1193 3231 1326 3279 passim
1346 3230 1504 3278 inculco,
1536 3229 1633 3277 quod
1653 3227 1740 3266 nihil
1761 3223 1894 3300 {iasine
1915 3221 2075 3269 ratione,
2098 3230 2162 3256 nec
2183 3229 2238 3255 ra-

1718 3283 1769 3318 92
