2361 3643
720 127 873 165 LXXII.
937 127 1164 164 EPISTOLA
1197 128 1264 163 AD
1296 126 1603 164 WAGNERmt.
2164 112 2249 160 467

93 227 212 270 homo,
233 222 270 258 in
290 222 404 258 altera
424 222 497 258 vita
519 233 651 269 poenas
672 226 733 259 aut
760 223 920 271 praemia
940 222 1008 258 sibi
1030 221 1139 257 tribui
1197 223 1326 258 deunte
1346 223 1455 258 etiam
1477 222 1637 270 praemia
1657 225 1693 257 et
1714 231 1849 269 poenae
1866 220 1984 256 locum
2007 217 2148 255 liabent.
2178 218 2249 254 Ita-

92 283 140 319 ob
169 284 258 319 lianc
285 282 415 329 vitam,
445 292 569 317 revera
597 282 695 318 nulla
722 286 814 318 esset
841 293 975 330 poena,
1003 281 1139 317 nullum
1197 293 1266 328 que
1286 283 1450 318 Salvator
1471 282 1546 328 ipse
1565 284 1720 317 mortem
1740 291 1868 316 somno
1887 279 2122 327 comparavit.
2159 278 2248 314 Bru-

92 342 305 390 praemium,
332 344 368 377 et
395 341 541 388 perinde
562 343 675 388 soret,
702 341 820 388 quoad
848 353 923 377 rem
952 340 1138 387 moralem,
1168 321 1171 379 f
1196 342 1242 376 tis
1269 344 1389 377 autem
1417 341 1561 377 divinae
1598 340 1778 377 societatis
1813 344 1849 375 et
1877 339 1971 384 juris
2006 337 2248 386 incapacibus,

91 413 132 437 ac
152 401 182 436 si
203 411 261 437 me
280 400 441 437 extincto
461 401 551 436 alius
573 400 709 437 felicior
729 405 791 436 ant
812 401 989 436 infelicior
1009 411 1141 435 succes·
1168 387 1171 444 l
1196 412 1370 447 personae
1390 400 1632 447 conservatio,
1661 403 1697 435 et
1724 399 1871 435 moralis
1903 397 2157 434 immortalitas
2185 397 2248 432 tri·

91 460 208 496 sisset.
246 461 373 506 Itaque
392 463 511 496 statuo
531 461 671 496 animas
692 460 837 506 quidem
857 460 894 495 in
915 458 1139 495 animalculis
1169 447 1170 471 ¹
1198 460 1260 495 bui
1282 471 1353 495 non
1375 462 1503 506 potest.

92 520 324 555 seminalibus
354 519 438 554 inde
465 519 512 555 ab
533 519 637 554 initio
659 530 778 554 rerum
800 520 951 554 latentes
972 530 1046 554 non
1067 529 1142 553 esse
1169 512 1171 571 J
1256 519 1318 554 Vl.
1364 519 1487 565 Itaque
1508 528 1581 553 non
1602 518 1667 561 est,
1695 515 1790 562 quod
1818 516 1896 561 quis
1917 526 1963 551 cx
1991 516 2056 551 hac
2084 514 2248 551 doctrina

91 579 307 623 rationales,
336 578 449 614 donec
477 589 540 625 per
566 581 779 625 conceptum
805 578 851 613 ad
881 579 993 614 vitam
1022 579 1144 614 111111111-
1169 573 1171 634 J
1198 578 1470 624 consequentias
1506 575 1725 624 periculosas
1759 578 1939 610 vereatur:
1985 585 2095 621 quum
2129 574 2250 621 potius

91 648 176 673 nam
204 638 447 674 destinentur:
477 637 539 673 ubi
568 648 652 672 vero
679 638 787 672 smne]
816 637 1008 673 rationales
1030 638 1144 672 factae
1170 684 1171 687 Ἰ
1198 636 1394 681 Theologia
1414 635 1587 672 naturalis
1607 645 1702 681 vera,
1734 634 1876 670 veritati
1898 634 2076 669 revelatae
2096 644 2169 669 non
2191 644 2248 669 so-

92 701 187 743 sunt,
211 696 502 733 eteonscie11tiae
523 707 564 731 ac.
590 696 769 731 societatis
797 707 879 731 cum
900 698 976 732 Deo
996 707 1142 743 capaces
1169 699 1171 738 ζ
1198 697 1274 732 lum
1294 707 1365 731 non
1387 706 1606 743 repugnans,
1637 694 1698 729 sed
1727 693 1836 728 etiam
1865 693 2011 728 mirifice
2039 694 2174 740 favens,
2202 703 2249 728 ex

91 756 263 802 redditae,
292 756 428 803 sentio,
457 766 652 801 numquam
673 767 731 791 eas
751 755 931 802 deponere
951 765 1141 802 personam
1169 763 1171 808 f
1199 756 1288 791 meis
1325 754 1510 802 principiis
1537 752 1777 801 pulcherrima
1805 752 1945 788 ratione
1972 752 2249 788 demonstretur.

92 815 180 850 civis
196 815 232 850 in
249 814 447 861 Republica
462 814 542 860 Dei,
563 825 652 860 quae
668 826 779 861 quum
791 814 989 858 justissime
1009 818 1044 850 et
1065 814 1141 861 pul-
1197 815 1267 857 Qui
1290 826 1374 850 vero
1397 814 1513 850 brutis
1535 813 1685 859 animas,
1714 811 1865 858 aliisque
1894 812 2066 847 materiae
2086 811 2250 858 partibus

93 874 268 909 clierrime
281 876 438 919 regatur,
454 884 675 919 consequens
684 879 748 917 est,
767 877 805 908 ut
817 873 985 920 pei-ipsas
995 877 1141 909 naturae
1197 885 1348 910 omnem
1368 873 1635 920 perceptionem
1650 874 1686 906 et
1701 871 1946 916 organismum
1961 874 2104 918 negant,
2126 870 2179 905 illi
2196 869 2249 905 di-

93 933 200 980 leges,
211 932 258 967 ob
268 933 549 980 parallelismum
560 933 658 977 regni
675 933 811 979 gratiae
827 936 862 967 et
873 937 1033 980 naturae,
1053 932 1141 968 Ani·
1198 934 1321 969 vinam
1343 932 1569 977 majestatem
1589 942 1660 966 non
1680 930 1766 965 satis
1786 933 1995 976 agnoscunt,
2024 930 2250 965 introducen-

92 1002 173 1027 mae
193 991 228 1026 vi
245 1002 391 1027 suarum
412 991 593 1027 actionum
615 992 660 1028 ad
677 992 836 1039 praemia
853 995 889 1026 et
910 1003 1043 1038 poenas
1064 991 1143 1027 red·
1199 996 1252 1028 tes
1272 992 1407 1039 aliquid
1428 992 1617 1038 indignum
1638 991 1733 1037 Deo,
1762 992 1799 1024 et
1819 989 2012 1035 incultum,
2043 999 2171 1035 nempe
2191 999 2252 1023 va-

90 1050 222 1086 dantur
241 1051 408 1098 aptiores.
462 1051 588 1097 quue
607 1063 711 1087 sensu
733 1051 803 1086 ‹lici
824 1054 951 1098 potest,
975 1052 1144 1086 virtutem
1172 1074 1173 1083 1
1199 1063 1305 1087 cunm
1334 1051 1596 1098 perfectionum
1618 1060 1681 1085 seu
1708 1049 1919 1095 formarum,
1947 1048 2044 1094 quod
2065 1048 2251 1094 metaphy-

92 1110 162 1144 sibi
185 1110 252 1156 ipsi
274 1110 486 1157 praemium,
512 1111 624 1146 scelus
646 1111 714 1146 sibi
736 1111 803 1157 ipsi
821 1121 977 1156 poenam
993 1110 1144 1157 adferre,
1172 1142 1174 1151 ,
1201 1111 1314 1147 sicum
1348 1111 1529 1158 appellare
1564 1108 1699 1156 possis,
1737 1118 1810 1143 non
1846 1107 1969 1143 minus
2003 1106 2253 1153 rejiciendum,

91 1170 175 1215 quia
195 1169 351 1204 naturali
378 1169 533 1215 quadam
554 1170 806 1216 consequentia
834 1181 900 1216 pro
922 1169 1048 1204 ultimo
1070 1170 1146 1204 ani·
1201 1181 1310 1217 quam
1337 1181 1490 1206 vacumn
1519 1167 1691 1204 materiae
1722 1178 1785 1202 seu
1815 1167 2014 1214 physicum.
2074 1166 2144 1208 Qui
2167 1176 2253 1201 vero

93 1238 175 1264 mae
194 1231 301 1276 statu,
332 1231 441 1275 prout
469 1229 615 1275 expiata
635 1233 698 1264 aut
724 1240 797 1264 non
826 1229 972 1275 expiata
994 1228 1142 1275 decedit,
1172 1273 1174 1277 v
1200 1231 1339 1265 animas
1359 1241 1462 1264 veras
1477 1227 1813 1276 perceptionemque
1828 1225 1916 1262 dant
1933 1225 2060 1272 brutis,
2082 1228 2118 1260 et
2134 1228 2255 1261 tamen

93 1288 257 1323 naturale
277 1287 460 1333 quoddam
488 1288 603 1323 oritur
630 1288 853 1335 divers-rium,
886 1299 907 1322 a
927 1288 1005 1322 Deo
1026 1288 1062 1322 in
1084 1298 1145 1322 na-
1172 1282 1174 1328 Ξ
1201 1290 1340 1324 animas
1380 1299 1506 1324 eorum
1540 1286 1752 1322 naturaliter
1786 1285 1902 1332 perire
1937 1295 2042 1332 posse
2079 1287 2254 1331 statuunt,

94 1350 174 1381 tura
195 1346 501 1393 praeordinatum,
530 1350 565 1381 et
585 1347 718 1381 divinis
747 1346 935 1393 promissis
957 1347 1144 1392 minisque,
1172 1334 1174 1342 J
1201 1348 1311 1383 etiam
1338 1347 1682 1383 demonstrationem
1720 1344 1827 1380 nobis
1863 1344 2013 1391 tollunt,
2048 1355 2112 1390 per
2146 1353 2256 1389 quam

90 1409 132 1440 ab
166 1405 304 1448 gratiae
334 1404 567 1450 justitiaeque
601 1408 899 1450 consentaneum3
945 1405 1144 1440 Geniorum
1173 1404 1174 1407 ’
1203 1407 1421 1451 ostenditur,
1461 1408 1599 1440 mentes
1628 1407 1770 1439 nostras
1797 1404 2007 1439 naturaliter
2035 1403 2152 1450 perire
2181 1413 2257 1438 nou

93 1463 204 1499 etiam
236 1463 418 1498 bonorum
447 1464 696 1509 malorumque
723 1463 910 1498 accedente
931 1463 1143 1508 interventu,
1202 1476 1319 1511 posse,
1343 1468 1378 1499 et
1400 1464 1435 1499 iu
1456 1464 1727 1499 Socinianorum
1748 1462 1880 1507 dogma
1901 1463 2074 1508 incidunt,
2099 1462 2160 1508 qui
2179 1462 2256 1497 ani-

91 1525 198 1570 prout
216 1522 398 1558 alterutris
413 1532 478 1557 nos
495 1523 721 1568 sociavimus,
745 1533 898 1568 quorum
915 1522 1146 1569 operationes
1203 1534 1280 1558 mas
1301 1534 1373 1558 1101]
1395 1523 1464 1557 nisi
1487 1522 1697 1558 miraculose
1712 1533 1773 1556 seu
1795 1533 1857 1568 per
1877 1522 2032 1566 gratiam
2052 1521 2257 1556 conservari

91 1582 216 1628 utique
240 1584 322 1617 sunt
342 1581 534 1627 naturales,
562 1581 629 1617 etsi
658 1585 787 1617 natura
808 1592 932 1616 eorum
953 1584 1077 1616 nostra
1100 1580 1147 1615 sit
1202 1585 1341 1629 putant,
1379 1585 1507 1617 natura
1541 1584 1661 1616 autem
1695 1580 1813 1626 perire
1848 1581 1979 1616 debere
2013 1580 2257 1626 arbitrantur3

92 1640 292 1677 sublimior.
354 1640 528 1676 Videmus
558 1652 642 1676 sane
671 1641 853 1676 hominem
873 1651 893 1674 a
915 1651 1044 1675 somno
1065 1651 1146 1686 pro-
1203 1642 1299 1688 quod
1328 1644 1381 1676 est
1402 1640 1637 1685 Tlieologiam
1665 1641 1862 1674 naturalem
1894 1640 2054 1675 maxima
2081 1640 2135 1674 sui
2155 1643 2258 1687 parte

92 1700 203 1736 fundo
224 1699 472 1746 evigilantem,
500 1700 575 1735 imo
603 1700 714 1735 etiam
741 1700 788 1734 ab
817 1699 1010 1746 apoplexia
1031 1700 1077 1734 ad
1110 1710 1147 1733 se
1203 1701 1382 1736 mutilare.
1442 1701 1633 1736 Praeterea
1655 1699 1874 1734 contrarium
1894 1699 2016 1745 utique
2037 1699 2259 1734 demonstra-

92 1769 275 1794 reversum
304 1760 517 1794 memoriam
547 1763 661 1794 status
690 1759 831 1805 pristini
860 1770 1069 1805 recuperare
1090 1770 1146 1793 so·
1173 1795 1175 1808 Ι
1204 1765 1281 1795 tum
1302 1763 1366 1806 est,
1388 1760 1473 1806 quia
1495 1759 1694 1794 substantia
1714 1769 1838 1793 carens
1859 1758 2022 1805 partibus
2042 1758 2177 1793 destrui
2196 1768 2258 1793 na-

95 1818 179 1852 lere.
225 1817 324 1853 Idem
346 1818 390 1852 de
408 1823 522 1853 morte
537 1818 727 1853 dicendum
748 1821 811 1864 est,
834 1829 924 1864 quae
945 1818 1146 1864 perceptio·
1174 1811 1175 1814 ¹
1204 1819 1371 1854 turaliter
1391 1830 1462 1854 non
1486 1822 1618 1865 potest.
1672 1819 1760 1853 Vale
1780 1821 1815 1853 ct
1837 1819 1927 1853 save.
1989 1817 2129 1852 Dabam
2151 1817 2258 1852 Guel-

94 1887 159 1910 nes
194 1878 334 1911 nostras
369 1877 532 1912 turbatas
566 1880 602 1912 et
636 1879 802 1912 confusas
838 1877 986 1912 reddere
1016 1880 1146 1923 potest,
1174 1871 1175 1898 ἶ
1205 1878 1337 1923 serbyti
1362 1881 1397 1914 4.
1420 1878 1518 1914 Junii
1548 1878 1669 1913 1710.

95 1934 212 1971 delere
232 1935 339 1983 plane
366 1946 413 1970 ex
434 1936 608 1972 memoria
629 1947 701 1972 non
724 1939 853 1983 potest,
881 1936 982 1981 cujus
1004 1946 1068 1972 usu
1090 1947 1145 1970 re·
1174 1944 1177 1968 x
