2361 3643
656 100 787 139 XCIII.
817 100 889 138 AD
919 97 1010 137 DES
1040 98 1208 136 BOSSES
1237 97 1470 135 EPISTOLA
1500 96 1680 135 XXVIII.
2173 91 2258 133 7¹29

91 200 212 238 stialia
230 204 423 245 corporum
444 195 718 243 organicorum,
747 204 809 231 seu
838 205 903 242 per
923 205 961 230 se
989 203 1147 230 unorum

91 261 128 297 in
150 268 260 306 pane,
295 258 332 291 et
352 255 438 291 vino
460 256 701 303 inclusorum,
732 265 754 290 a
772 254 852 290 Deo
872 253 1070 300 tollantur,
1092 264 1147 289 re-

89 317 182 353 lictis
204 313 433 361 monadibus,
456 317 491 349 et
512 313 790 360 phaenoulenis3
813 311 1011 348 accidentia
1030 311 1144 359 panis,

88 378 124 410 et
144 375 217 409 vini
239 375 469 421 supererunt,
492 373 553 408 sed
575 376 748 419 tanquam
768 372 1037 419 phaenomena,
1072 380 1146 406 non

87 433 255 469 illusione
276 431 454 479 quadam,
477 432 540 467 scd
560 432 612 467 ita
632 434 673 467 ut
693 432 794 466 fieret
815 430 971 477 ubique,
993 429 1024 465 si
1045 428 1146 464 nulla
1173 455 1176 495 ᾗ

87 493 125 527 in
147 495 277 527 natura
306 494 425 526 essent
445 490 588 526 vincula
608 489 874 525 substantialia.
935 488 1032 524 Nam
1052 490 1147 523 certe

87 553 252 596 respectu
287 550 418 585 harum
448 549 647 585 monadum
676 549 801 595 panis,
839 547 992 595 etvini,
1029 558 1087 582 res
1109 556 1146 581 se
1173 519 1176 603 i

87 608 236 656 perinde
277 608 428 644 habebit
449 635 458 655 ,
507 619 550 643 ac
588 607 619 642 si
658 608 758 643 nulla
797 607 941 642 vincula
984 605 1147 641 substan·
1173 605 1176 672 j

87 667 189 704 tialia
219 677 377 714 unquam
405 667 440 702 in
470 667 541 701 illis
568 666 730 702 fuissent.
782 666 851 701 Sed
887 665 1027 701 vincula
1063 663 1147 700 sub·
1173 675 1177 708 ι

86 726 269 762 stantialia
312 725 509 761 monadum
549 725 720 772 Corporis
762 724 918 771 Christi,
975 735 1061 759 eum
1104 723 1143 759 in

88 785 229 820 vincula
256 784 510 820 substantialia
539 783 736 819 monadum
764 783 926 829 corporis
955 782 1071 819 nostri
1091 782 1145 817 in·
1173 783 1176 834 ξ

86 844 227 879 fluxum
248 842 449 889 habebant,
472 853 580 889 quem
600 843 691 878 alias
711 843 750 877 in
771 854 813 878 ea
834 841 1047 877 habuissent
1068 841 1146 877 vin·
1173 844 1176 886 ὲ

85 903 165 937 cula
192 901 445 937 substantialia
476 901 671 937 monadum
699 901 804 948 panis
839 904 875 936 et
901 901 996 947 vini3
1030 903 1068 936 et
1096 900 1148 936 ita
1174 888 1176 896 ’

86 960 292 995 substantia
320 960 492 1006 Corporis
529 964 565 995 et
592 960 781 1005 Sanguinis
816 959 950 996 Christi
985 971 1008 995 a
1041 958 1147 995 nobis

84 1018 315 1065 percipietur.
367 1019 462 1054 Nam
485 1019 628 1054 vincula
649 1018 902 1054 substantialia
923 1029 1048 1054 earum
1069 1029 1146 1053 mo·
1174 1011 1177 1053 Ϊ

84 1077 222 1112 nadum
252 1080 358 1113 erunt
378 1077 540 1125 sublata,
573 1081 608 1113 et
629 1081 712 1125 post
735 1077 971 1113 cessationem
993 1078 1148 1124 phaeno·
1173 1081 1177 1117 ξ

84 1146 277 1171 inenorum
298 1137 414 1183 panis,
439 1139 475 1172 et
496 1137 582 1183 vini,
607 1148 669 1172 seu
691 1136 828 1184 speeies
851 1136 1070 1183 destructas,
1091 1146 1147 1171 re·

82 1194 264 1230 stituenda
292 1206 366 1231 non
395 1196 541 1242 quidem
570 1196 692 1242 qualia
727 1196 890 1241 fuerant,
927 1195 989 1231 sed
1025 1195 1148 1242 quaha
1175 1183 1178 1213 ¹

83 1253 301 1302 prodissent,
325 1254 358 1289 si
379 1255 480 1290 nulla
501 1255 628 1290 fuisset
651 1256 745 1290 facta
766 1255 970 1290 destructio.
1176 1269 1178 1283 ε

142 1313 281 1348 Vereor
316 1324 363 1349 ne
406 1315 476 1349 Dn.
514 1312 802 1349 Hartsoeker
837 1313 975 1359 aliquid
1012 1312 1056 1348 de
1092 1319 1179 1349 met

84 1372 293 1419 suspicetur,
317 1372 402 1419 quia
425 1372 458 1408 ei
481 1373 620 1408 locutus
643 1384 682 1407 es
703 1372 748 1408 de
775 1371 906 1407 amico.
967 1371 1074 1414 Quod
1094 1382 1150 1406 se·
1175 1365 1179 1373 ⁴

83 1430 223 1478 quitur,
254 1441 344 1477 rogo
373 1434 412 1467 ut
433 1434 497 1467 tuo
518 1431 667 1467 nomine
688 1441 872 1479 proponas
890 1430 928 1466 in
950 1431 1063 1478 hunc,
1092 1429 1150 1466 vel

1205 192 1318 228 alium
1347 191 1377 227 si
1405 190 1524 239 lubet,
1549 200 1704 227 sensum.
1768 187 2050 237 »L'experience
2074 199 2145 236 que
2172 199 2261 226 vous

1209 246 1370 287 »m’avez
1386 248 1677 296 communiqmsse,
1698 246 1903 296 Monsieur,
1927 252 1983 285 est
1998 246 2260 296 considerable,

1209 313 1270 346 »et
1289 308 1407 356 aisee3
1434 308 1626 357 peut-&tre
1646 307 1876 356 pourroit—on
1896 308 1932 344 la
1952 318 2101 355 pousser
2123 307 2259 344 davan-

1209 371 1327 416 »tage,
1350 379 1396 404 en
1412 371 1567 404 mettant
1585 379 1646 404 sur
1664 368 1697 403 le
1715 369 1841 403 carton
1862 377 1934 402 une
1953 366 2100 413 aiguille
2118 377 2261 402 comme

1208 429 1459 475 »auparavant
1478 438 1541 463 sur
1561 437 1626 462 son
1648 426 1769 473 piv0t‚
1799 425 1890 461 mais
1910 436 1983 461 non
2003 424 2203 472 aimantee,
2224 428 2261 462 et

1208 486 1294 533 »qui
1322 497 1369 522 ne
1389 497 1427 521 se
1448 486 1518 521 soit
1538 495 1667 521 encore
1689 483 1890 531 approchee
1919 484 2072 520 (rancun
2101 483 2259 530 aimant3

1207 555 1325 592 »pour
1345 545 1425 580 voir
1446 544 1477 579 si
1495 540 1678 590 l’aimant,
1707 543 1828 589 quand
1848 544 1874 578 il
1898 546 1952 579 est
1971 542 2061 579 dans
2083 555 2122 579 sa
2149 544 2260 579 situa-

1207 604 1311 639 »tion
1338 602 1534 649 naturelle,
1561 603 1668 638 attire
1697 602 1777 649 plus
1807 601 1985 638 aisement
2013 613 2083 638 une
2103 602 2188 639 telle
2208 602 2260 638 ai-

1207 662 1363 709 »guille,
1392 673 1462 708 que
1482 661 1646 708 lorsqu‘il
1675 664 1728 696 est
1748 660 1838 696 dans
1859 672 1930 697 une
1950 661 2124 697 situation
2147 672 2260 709 oppo-

1207 720 1304 757 »seen
1363 721 1432 756 Car
1459 721 1557 756 alors
1585 720 1613 756 il
1641 731 1687 755 ne
1713 719 1818 765 s’agit
1846 731 1914 767 que
1944 720 1988 756 de
2017 721 2052 756 la
2081 721 2178 757 seule
2205 722 2260 756 at-

1208 779 1389 816 »traction
1411 779 1454 815 de
1474 779 1667 824 sanguine,
1703 790 1786 814 sans
1807 789 1875 826 que
1897 790 1936 814 sa
1958 780 2133 816 direction
2155 790 2179 826 y
2199 790 2260 816 en-

1208 842 1301 887 atre,
1322 838 1523 886 puisquelle
1542 834 1625 874 n'en
1653 849 1674 874 a
1695 849 1761 885 pas
1781 848 1918 874 encore.
1934 857 1951 870 2,

1261 898 1424 934 Annales
1451 897 1521 933 mei
1550 897 1749 944 procedunt
1768 907 1843 933 non
1864 897 1962 933 lento
1982 897 2105 945 gradu.
2164 895 2260 933 Flo-

1203 969 1274 994 res
1303 957 1460 1004 sparsi
1486 957 1531 992 in
1560 956 1786 992 tumulum
1817 956 2041 1004 Papissae
2062 955 2261 1004 separatim

1204 1016 1263 1053 edi
1284 1019 1448 1063 possunt.

1262 1076 1452 1112 Praeclara
1472 1077 1536 1110 tua
1555 1073 1776 1109 Theodioeae
1796 1073 1913 1109 versio
1933 1074 1972 1110 in
1994 1073 2122 1108 itinere
2142 1072 2261 1108 versa·

1205 1138 1282 1181 tur3
1299 1134 1379 1179 jam
1400 1134 1498 1169 enim
1519 1127 1723 1168 Hililesiam
1747 1131 1843 1178 misi,
1867 1134 1907 1167 ut
1928 1133 2052 1168 oblata
2073 1131 2262 1167 occasione

1204 1197 1303 1230 certa
1337 1194 1383 1229 ad
1419 1204 1484 1229 vos
1520 1191 1710 1228 deseratur.
1773 1190 1879 1232 Quod
1907 1194 2088 1238 superest,
2125 1190 2206 1227 vale
2225 1192 2262 1226 et

1206 1255 1296 1290 fave.
1358 1252 1502 1289 Dabam
1524 1251 1741 1288 Hanoverae
1779 1250 1844 1286 19.
1866 1250 2005 1297 August
2032 1249 2157 1285 1715.

1844 1308 2100 1344 Deditissimus

1706 1368 1750 1403 G.
1792 1368 1835 1403 G.
1875 1367 2216 1405 Leibnitius.
