2361 3643
81 124 258 164 XXVIII.
911 115 1432 155 PRAEFATIO.

81 220 146 257 est
173 212 419 256 versione
451 206 765 269 germanica,
798 219 925 263 quam
947 203 1154 249 Kohlerus
1185 221 1291 249 anno
1314 203 1579 249 MDCCXX.
1610 204 1771 248 curavit
1802 210 1844 249 et
1869 204 1950 251 1100
1979 205 2098 251 1111110
2120 207 2255 252 Jenae

81 287 227 332 edidit:
274 287 412 331 Herm
445 281 646 330 Gottfried
675 279 873 324 Wilhelm
904 297 988 327 von
1018 281 1201 326 Leibnitz
1233 289 1308 325 etc.
1352 279 1579 325 Lehrsiitze
1617 280 1722 324 iiber
1752 279 1817 324 die
1848 281 2142 342 Monadologie
2174 290 2255 326 etc.

82 364 218 422 Cujus
248 362 449 406 versionis
478 359 773 403 versionem
802 356 1017 402 latinam
1048 358 1153 402 Acta
1183 358 1338 401 Erudit.
1370 357 1570 416 Lipsiens.
1605 357 1648 400 in
1679 355 1825 416 Suppl.
1857 357 1979 401 Tom.
2010 359 2096 403 VII.
2128 360 2256 402 1721.

81 440 193 483 Sect.
224 438 295 481 XI.
327 455 365 497 p.
398 438 495 482 500.
529 433 764 487 exhibuere,
793 435 851 476 ita
882 440 1022 478 tamen
1053 441 1100 478 ut
1129 435 1289 477 disertis
1318 433 1453 477 verbis
1482 435 1621 493 ipsum
1648 433 1900 477 Leibnitium
1930 434 2121 493 gallice
2153 449 2256 477 con-

81 517 295 573 scripsisse
333 514 440 556 hanc
479 512 875 553 commentationem
913 511 1216 555 confiterentur.
1295 510 1434 565 Quam
1470 511 1705 554 versionem
1742 509 1914 553 latinam
1951 511 2102 553 iterum
2133 508 2260 553 edidit

83 606 192 634 anno
223 587 471 632 MDCCXX
483 586 581 631 VIII.
612 586 848 630 Hanschius
879 588 1185 631 commentariis
1216 585 1472 629 illustratam.
1547 585 1668 630 Hanc
1708 587 1842 646 ipsam
1879 587 2116 628 versionem
2147 584 2258 642 apud

82 665 336 709 Dutensium
367 664 546 722 legimus
577 662 659 707 hoc
697 664 934 722 inscriptam
974 663 1113 706 titulo:
1159 662 1430 720 Principia
1466 660 1838 722 philosophiae
1879 677 1969 705 seu
2000 660 2178 704 theses
2208 661 2258 704 in

82 742 302 800 gratiam
331 740 594 798 Principis
626 740 850 799 Eugenii
881 745 956 782 etc.
987 738 1012 781 1.
1046 755 1079 783 0.
1112 754 1206 798 pag.
1240 742 1294 782 ‘20
1314 740 1453 782 -31.
1501 738 1646 793 Quum
1678 745 1819 782 tamen
1849 737 1973 782 nihilo
1996 739 2134 780 minus
2156 752 2258 781 con·

80 822 220 868 staret,
252 816 560 875 autographum
591 816 895 859 Leibnitianum
928 815 1123 876 gallicum
1153 816 1299 867 fuisse,
1342 813 1422 857 1100
1451 814 1590 872 ipsum
1619 815 1859 874 investigari
1890 814 2101 857 debuerat.
2163 814 2259 869 Qua

79 893 122 934 in
151 907 196 934 re
226 892 399 935 mirabili
428 907 528 936 sane
558 894 622 935 usi
653 899 760 945 sunt,
793 908 974 951 quorum
1003 892 1194 943 interfuit,
1227 891 1390 949 effugio.
1470 889 1637 932 Scilicet
1667 905 1764 934 011111
1798 906 1905 934 011110
1938 888 2259 933 MDCCXVHI.

79 966 274 1026 vulgatus
307 975 417 1011 esset
448 967 552 1011 alius
582 968 743 1012 libellus
774 969 963 1012 Leibnitii
1004 970 1158 1026 (quem
1190 982 1289 1010 mox
1319 965 1605 1022 laudabimus)
1646 973 1689 1009 et
1719 966 1865 1026 gallica
1903 966 2046 1026 lingua
2079 967 2259 1024 scriptus

81 1050 124 1087 et
153 1043 286 1087 simile
316 1051 495 1088 tractans
527 1053 841 1103 argumentum,
872 1044 1123 1088 Ludovicius
1154 1044 1195 1086 ni
1224 1041 1341 1085 fallor
1371 1042 1528 1100 primus
1560 1041 1673 1093 dixit,
1703 1049 1891 1085 nostram
1921 1042 2260 1101 Monodologiam

79 1134 214 1163 unum
246 1120 512 1179 eundemque
542 1121 692 1164 librum
734 1137 825 1164 esse
857 1128 981 1178 atque
1010 1119 1128 1161 illum
1161 1119 1230 1176 (1111
1260 1118 1511 1161 inscribitur:
1557 1116 1772 1176 Principes
1804 1118 1855 1162 de
1884 1117 1923 1161 la
1953 1125 2102 1162 nature
2135 1124 2177 1161 01
2207 1117 2259 1161 (10

80 1193 122 1238 10
154 1211 291 1254 grace.
365 1196 558 1240 Eundem
591 1212 773 1240 errorem
804 1197 988 1238 invenies
1018 1196 1060 1239 in
1092 1193 1232 1238 multis
1264 1195 1353 1251 ejus
1384 1192 1583 1250 temporis
1613 1191 1738 1246 libris,
1770 1208 1805 1236 0.
1837 1209 1897 1252 gr.
1927 1195 1970 1237 in
2000 1193 2121 1237 libro:
2168 1194 2262 1237 Des

79 1269 300 1315 Freiherrn
330 1288 413 1315 von
444 1273 626 1316 Leibnitz
656 1272 836 1314 kleinere
867 1271 1074 1315 Schriften
1106 1278 1181 1314 010.
1214 1271 1305 1313 Jen.
1341 1271 1453 1313 1740
1487 1275 1526 1312 et
1558 1267 1658 1312 aliis.
1704 1295 1763 1302 -—
1807 1270 1945 1328 Atque
1982 1269 2060 1314 illis
2093 1270 2262 1330 quidem

79 1361 156 1405 per
184 1363 253 1391 me
282 1347 378 1391 licet
408 1349 612 1407 ignoscas.
673 1347 758 1392 Sed
789 1363 927 1391 11011110
957 1347 1224 1407 indignabere
1255 1345 1324 1389 ubi
1354 1344 1478 1389 hodie
1510 1345 1648 1399 etiam,
1680 1347 1757 1389 etsi
1786 1346 1827 1389 in
1857 1345 2051 1390 Dutensii
2082 1346 2260 1390 editione

78 1426 259 1479 utraque
304 1426 599 1468 commentatio
646 1440 730 1468 non
760 1425 995 1467 inveniatur
1035 1424 1172 1467 solum
1210 1423 1284 1467 sed
1314 1437 1398 1466 una
1430 1420 1603 1465 alteram
1635 1423 1811 1481 excipiat
1841 1428 1882 1465 et
1913 1421 1964 1465 ad
1995 1421 2260 1466 collationem

78 1497 199 1553 quasi
228 1507 475 1554 provocent,
514 1502 555 1543 in
587 1500 825 1543 doctissimo
858 1516 957 1543 sane
990 1499 1277 1543 Tennemanni
1308 1499 1408 1542 libro
1441 1497 1643 1553 (Grundr.
1675 1498 1712 1542 d.
1744 1497 1893 1542 Gesch.
1926 1498 1963 1541 d.
1995 1498 2123 1555 Phil.)
2157 1513 2180 1540 a
2210 1496 2260 1542 01.

76 1571 273 1616 Wendtio
303 1577 514 1634 recognito
553 1576 703 1636 legeris
739 1592 832 1635 pag.
864 1579 949 1620 412
982 1583 1023 1619 et
1047 1579 1157 1620 413:
1191 1574 1368 1619 Hierher
1407 1574 1554 1634 gehort
1586 1574 1845 1634 vorziiglich:
1893 1575 2108 1634 Principes
2140 1573 2190 1617 de
2220 1573 2260 1616 la

76 1654 225 1691 nature
258 1656 299 1692 et
329 1650 380 1693 de
409 1651 449 1695 la
481 1668 697 1711 grace,...
732 1653 857 1695 oder
885 1651 988 1696 lat.:
1031 1652 1239 1710 Principia
1277 1651 1577 1712 philosophiae,
1644 1652 1837 1695 Profecto
1876 1667 1961 1694 non
2000 1666 2150 1710 argues
2191 1665 2260 1693 me

76 1723 268 1782 injuriam
308 1727 451 1770 fecisse
491 1736 658 1772 nostrae
697 1731 841 1772 aetatis
880 1727 1136 1788 philosophis
1175 1744 1272 1772 cum
1311 1744 1436 1786 supra
1466 1727 1704 1786 neglectum
1741 1727 1834 1787 plus
1868 1730 1979 1786 justo
2009 1727 2260 1771 Leibnitium

78 1812 369 1858 conquererer.
444 1802 583 1846 Facile
622 1811 763 1848 tamen
794 1804 952 1847 mederi
982 1805 1186 1861 potuisset
1215 1803 1312 1848 huic
1344 1805 1472 1848 errori
1503 1805 1536 1846 si
1568 1806 1658 1863 quis
1688 1804 1741 1847 ibi
1773 1810 1981 1847 scrutatus
2013 1810 2144 1855 esset,
2189 1801 2260 1846 ubi

78 1889 226 1918 earum
257 1878 529 1936 scriptionum
563 1895 668 1937 (11100
690 1881 877 1924 Leibnitii
908 1887 1096 1938 tempore
1128 1881 1236 1938 typis
1268 1896 1450 1924 excusae
1481 1886 1579 1923 sunt
1611 1879 1871 1939 autographa
1901 1881 2130 1923 maximam
2161 1894 2258 1938 par·

78 1955 165 1993 tem
196 1961 482 2007 asservantur,
521 1955 563 1997 in
594 1955 852 1999 Bibliotheca
882 1955 1015 2015 Regia
1045 1956 1335 2000 Hanoverana.
1386 1956 1540 2015 Neque
1573 1971 1679 2014 opus
1712 1955 1880 2014 quidem
1913 1962 2000 1998 erat
2030 1961 2261 1999 scrutatore

78 2027 241 2072 occulta
279 2036 321 2072 et
360 2031 569 2074 recondita
608 2031 802 2090 detegere
834 2031 966 2075 solito.
1042 2031 1154 2075 Nam
1187 2048 1284 2075 cum
1316 2032 1496 2076 schedae
1525 2030 1809 2075 Leibnitianae
1838 2031 1892 2075 ibi
1922 2032 1965 2075 in
1995 2038 2158 2076 certum
2189 2046 2258 2074 or-

85 2101 225 2147 dinem
256 2104 447 2149 redactae
478 2107 569 2159 sint,
601 2107 807 2151 evolventi
822 2107 1080 2161 fasciculum,
1112 2110 1178 2151 cui
1197 2109 1440 2167 inscriptum
1462 2114 1526 2151 031
1545 2123 1698 2151 nomen
1719 2107 2048 2166 Monadologiae,
2078 2108 2260 2167 primum

77 2180 385 2240 autographum
419 2181 530 2240 quod
560 2184 600 2225 in
632 2200 781 2227 manus
813 2186 923 2228 venit
955 2184 1022 2228 hic
1052 2184 1213 2227 libellus
1245 2192 1306 2227 est
1338 2184 1485 2243 gallice
1516 2186 1794 2242 conscriptuS,
1833 2183 2065 2227 secundum
2095 2185 2129 2226 is
2157 2182 2260 2226 liber

77 2268 177 2298 cum
218 2272 301 2314 quo
337 2256 406 2299 ille
443 2258 638 2301 confundi
676 2259 801 2311 solet,
847 2275 1000 2318 nempe
1047 2261 1284 2320 »Principes
1316 2260 1366 2303 de
1397 2259 1437 2302 la
1467 2266 1612 2304 nature
1644 2267 1684 2302 et
1714 2260 1766 2303 de
1796 2259 1837 2303 la
1868 2275 2028 2319 grace«
2106 2259 2260 2318 Neque

75 2327 252 2373 dubitari
296 2338 432 2390 potest
477 2335 575 2390 quin
612 2333 712 2377 illud
751 2335 1055 2395 autographum
1091 2336 1202 2379 idem
1234 2338 1285 2378 sit
1317 2336 1367 2379 (10
1400 2351 1483 2394 (1110
1515 2335 1742 2379 Leibnitius
1773 2336 2010 2379 Remundio
2041 2336 2260 2394 scripserit,

77 2419 176 2447 eum
214 2406 255 2448 in
289 2409 374 2464 ejus
416 2410 601 2467 margine
633 2410 760 2467 ipsius
790 2410 981 2453 Leibnitii
1012 2428 1161 2454 manus
1192 2412 1431 2454 indicaverit
1460 2410 1577 2454 locos
1610 2411 1912 2454 Theodicaeae.
1987 2411 2131 2470 Itaque
2161 2411 2259 2455 huic

73 2479 181 2524 libro
212 2481 464 2526 reddidimus
486 2484 801 2542 Monadologiae
833 2485 997 2528 titulum
1029 2493 1172 2545 utpote
1207 2489 1276 2545 qui
1307 2488 1464 2546 primus
1495 2488 1820 2545 interpretationi
1852 2489 2114 2546 germanicae
2137 2502 2256 2545 prae-

76 2560 252 2616 scriptus
282 2559 414 2611 suerit,
447 2565 487 2602 et
515 2559 666 2602 librum
697 2567 862 2604 nostrae
895 2560 1059 2604 editioni
1089 2564 1339 2605 inseruimus
1371 2578 1468 2605 011111
1501 2563 1693 2606 omnibus
1713 2562 1791 2605 illis
1812 2563 2002 2607 Leibnitii
2022 2564 2257 2606 annotatio-

75 2633 208 2676 nibus.
270 2634 552 2692 Quamquam,
584 2652 715 2694 quum
746 2636 972 2680 Leibnitius
1003 2638 1135 2695 prima
1168 2638 1456 2682 Theodicaeae
1491 2639 1668 2683 editione
1699 2655 1802 2682 usus
1833 2641 1904 2692 sit,
1950 2640 1992 2684 in
2024 2654 2106 2697 qua
2135 2654 2256 2699 prae-

74 2709 238 2752 fationis
267 2712 443 2769 paginae
473 2727 557 2754 non
588 2714 770 2755 numeris
802 2713 875 2755 sed
904 2712 1029 2755 literis
1061 2719 1101 2756 et
1133 2715 1337 2757 asteriscis
1369 2716 1602 2773 signantur,
1632 2730 1804 2759 necesse
1843 2717 1928 2769 fuit,
1959 2721 2007 2760 ut
2036 2715 2101 2760 his
2131 2715 2258 2775 signis

76 2799 176 2828 eum
206 2800 430 2830 numerum
461 2788 678 2845 adjicerem
711 2790 780 2846 qni
810 2790 851 2832 in
882 2804 978 2832 inea
1009 2788 1185 2832 editione
1215 2788 1355 2832 10011111
1385 2790 1549 2833 indicat.

189 2859 434 2905 LXXXIX.
463 2862 699 2924 Epistola
731 2864 789 2906 ad
820 2880 916 2908 rev.
947 2865 1155 2909 Patrem
1186 2865 1292 2909 Des
1324 2866 1530 2910 Bosses.
1563 2867 1611 2909 cf.
1643 2872 1779 2910 annot.
1813 2865 1865 2910 ad
1895 2871 1967 2909 art.
1997 2865 2123 2909 LXII.

192 2935 290 2979 XC.
337 2937 606 2998 Principes
645 2939 703 2983 de
743 2939 789 2982 Ia
829 2948 1015 2984 nature
1048 2948 1095 2984 et
1126 2941 1184 2983 de
1215 2940 1262 2984 la
1295 2958 1463 3001 grace.
1526 2942 1706 2986 Ubinam
1738 2943 1888 3001 scripta
1919 2942 1970 2983 sit
2000 2939 2103 2984 haec
2135 2956 2252 2985 00111-

73 3012 286 3065 11101110110,
319 3019 360 3056 01
391 3030 573 3072 quonam
605 3030 725 3068 anno,
758 3023 953 3060 accurate
985 3016 1151 3060 definire
1182 3033 1265 3062 non
1297 3034 1481 3078 possum.
1533 3017 1849 3078 Autographum
1879 3016 2184 3060 Leibnitianum
2213 3018 2255 3062 in

72 3083 329 3132 Bibliotheca
359 3089 640 3134 Hanovcrana
686 3091 855 3135 cosdem
902 3093 1078 3137 ostendit
1121 3093 1333 3138 literarum
1380 3101 1537 3140 tractus
1584 3111 1688 3153 quos
1729 3091 2031 3151 Monadologia.
2093 3094 2189 3148 Quo
2220 3094 2254 3137 si

73 3159 258 3204 adsumis
288 3167 519 3224 argumenti
550 3168 862 3226 cognationem,
893 3169 979 3212 veri
1010 3168 1266 3213 simillimum
1299 3172 1392 3225 erit,
1425 3174 1534 3215 circa
1563 3170 1673 3213 idem
1704 3175 1870 3227 tempus
1901 3175 2123 3226 utramque
2155 3184 2253 3213 con-

73 3236 269 3295 scriptam
307 3256 408 3284 esse.
490 3243 586 3298 Quo
624 3242 748 3288 modo
788 3249 929 3287 autem
959 3246 1115 3287 factum
1146 3247 1197 3288 sit
1227 3253 1273 3289 ut
1303 3247 1407 3292 haec
1438 3263 1536 3292 cum
1566 3245 1634 3290 illa
1665 3244 1984 3288 confunderetur
2008 3246 2096 3303 jam
2128 3260 2253 3303 supra

75 3309 265 3358 diximus
326 3316 507 3377 Vulgata
539 3326 601 3364 est
631 3320 813 3381 primum
845 3322 1010 3381 scriptio
1041 3322 1083 3366 in
1114 3325 1325 3369 memoriis
1358 3323 1526 3370 Gallicis
1557 3322 1707 3382 quibus
1737 3319 1881 3364 titulus
1913 3326 1997 3364 est:
2037 3319 2252 3381 L'Europe
