2361 3643
10 3317 17 3643 „——-—.-———-...
8 3176 12 3302 ,-“.,.Α-
6 2993 11 3163 .-,-.ᾼ.-.“
0 2528 8 2975 η-“.,.-φ,,-.,.-.,-.-Α
0 2438 3 2515 ,ἠ,

763 157 936 196 LXXIII.

106 257 197 296 108.
239 254 432 292 Coactio
467 251 579 288 etiam
614 262 689 288 non
723 254 778 288 est
811 252 848 288 in
887 251 1125 287 voluntariis<

43 315 245 354 actionibus
257 313 356 349 :etsi
376 312 474 347 enim
495 315 729 347 externorum
749 310 1097 358 repraesentationes

42 435 165 468 nostra
194 429 398 466 voluntaria
436 439 578 475 semper
614 430 813 474 spontanea
849 430 924 473 est,
972 427 1022 462 ita
1057 429 1098 462 ut

40 490 261 537 principium
284 487 362 532 ejus
400 487 447 522 sit
483 488 520 522 in
542 489 679 532 agente.
739 486 780 521 Id
809 486 905 532 quod
935 496 998 532 per
1018 486 1096 521 har-

41 549 204 584 moniam
232 548 327 582 111191
356 556 486 591 corpus
507 547 543 579 et
563 544 743 591 animam,
781 545 828 580 ab
850 544 956 579 initio
977 555 999 579 a
1020 544 1097 579 Deo

42 592 351 653 praestabilitam,
390 603 604 639 luculentius
644 613 754 648 quam
784 603 957 638 hactenus
983 602 1098 648 expli-

41 668 155 701 catur.

107 723 201 757 109.
232 721 426 765 Hucusque
458 719 502 754 de
523 717 682 753 Naturae
711 719 888 754 humanae
908 718 1097 753 imbecilli·

44 784 118 816 tate
139 783 257 816 actum
279 782 344 824 est,
367 787 461 813 nunc
490 776 544 811 de
572 776 765 812 Gratiae
786 777 990 812 Divinae
1019 776 1099 812 Au-

44 839 163 874 xilio
186 837 379 873 dicendum
401 836 480 881 erit,
503 834 605 879 cujus
626 835 805 870 defectum
826 835 1004 879 objiciunt
1026 836 1101 870 An-

44 898 256 942 tagonistae,
279 898 320 930 ut
339 905 465 929 rursus
486 894 629 939 culpam
651 893 697 928 ab
719 894 864 928 homine
886 895 1103 928 transferant

43 955 82 990 in
112 955 239 990 Deum.
300 953 446 999 Duplex
480 955 601 987 autem
637 952 778 998 concipi
808 952 934 986 Gratia
961 955 1100 998 potest3

43 1023 116 1047 una
157 1012 337 1048 sufficiens
383 1010 537 1058 volenti,
580 1011 693 1045 altera
737 1013 923 1056 praestans
966 1012 1005 1046 ut
1042 1021 1102 1045 ve-

42 1071 160 1106 limus.

108 1130 201 1164 110.
233 1126 565 1162 Sufficientem
592 1126 775 1162 volenti
804 1126 1012 1161 Gratiam
1041 1137 1103 1162 ne-

45 1186 136 1221 mini
171 1186 297 1230 negari
334 1184 523 1220 dicendum
559 1188 623 1219 est.

44 1248 110 1291 est,
134 1255 208 1279 non
229 1244 351 1278 defore
372 1243 537 1278 Gratiam
558 1243 806 1289 neeessariam,
832 1246 945 1289 vetus,
968 1242 1102 1278 dictum

45 1360 221 1407 tiquiores
264 1360 406 1395 notavit
440 1360 519 1405 ipse
554 1359 786 1403 Augustinus.
857 1360 984 1394 Gratia
1018 1360 1105 1394 haec

44 1419 225 1454 sufficiens
261 1421 315 1452 est
351 1418 408 1451 vel
446 1417 631 1452 ordinaria
660 1427 723 1463 per
757 1416 908 1451 verbum
929 1420 965 1451 et
986 1428 1104 1452 sacra·
1132 1409 1133 1413 ¹

45 1479 188 1520 menta,
224 1476 281 1510 vel
302 1475 612 1520 extraordinaria,
648 1475 726 1509 Deo
748 1474 976 1521 reliquenda,
1007 1475 1105 1520 quali
1133 1471 1134 1476 ¹

45 1544 131 1578 erga
150 1533 304 1568 Paulum
325 1535 378 1567 est
398 1543 493 1567 usus.

110 1592 204 1626 111.
241 1590 319 1626 Etsi
355 1590 453 1624 enim
487 1589 592 1624 multi
620 1588 744 1635 populi
767 1599 950 1635 nunquam
973 1590 1107 1624 saluta-

46 1707 355 1754 praedicationem
384 1706 461 1751 ejus
488 1706 585 1752 apud
612 1716 737 1740 omnes
765 1706 895 1750 quibus
923 1705 1037 1740 defuit
1058 1705 1104 1740 ir-

47 1766 155 1800 ritam
178 1766 336 1799 futuram
358 1765 489 1812 fuisse,
510 1764 652 1799 Christo
674 1764 755 1809 ipso
778 1763 822 1798 de
842 1762 1000 1798 Sodoma
1020 1774 1105 1799 con·
1133 1760 1134 1778 l

47 1822 202 1858 trarium
229 1823 451 1857 affirmante:
489 1832 562 1857 non
596 1821 679 1856 ideo
715 1825 838 1856 tamen
873 1832 1016 1856 necesse
1051 1824 1107 1856 est

48 1884 113 1916 aut
134 1879 266 1914 salvari
286 1880 443 1925 aliquem
465 1880 543 1914 sine
563 1879 717 1925 Christo,
741 1882 803 1914 aut
824 1879 1009 1923 damnari,
1040 1880 1105 1914 etsi

49 1938 285 1986 praestitisset
314 1937 484 1982 quicquid
513 1947 576 1983 per
596 1940 765 1971 naturam
788 1940 920 1982 potest.
982 1937 1106 1982 Neque

49 1997 148 2032 enim
170 1995 276 2030 nobis
297 2005 422 2030 omnes
446 1995 523 2029 viae
544 1994 613 2029 Dei
635 1994 846 2039 exploratae
867 1997 969 2039 sunt,
991 2005 1107 2039 neque

49 2055 183 2089 scimus
212 2064 257 2087 an
279 2064 350 2089 non
373 2053 510 2098 aliquid
532 2052 821 2087 extraordinaria
842 2052 985 2086 ratione
1007 2062 1108 2097 prac-

48 2116 164 2148 stetur
194 2111 249 2146 vel
279 2111 478 2146 morituris.
540 2111 611 2145 Pro
642 2113 740 2144 certo
778 2110 874 2144 enim
910 2109 1105 2144 tenendum

48 2173 122 2216 est,
153 2169 267 2204 etiam
287 2168 445 2205 Cornelii
466 2168 654 2214 exemplo,
684 2168 714 2201 si
737 2167 798 2213 qui
818 2170 997 2214 ponantur
1018 2168 1108 2202 bene

49 2229 104 2264 usi
127 2228 264 2262 lumine
286 2227 383 2273 quod
405 2237 582 2272 accepere,
606 2226 657 2259 eis
679 2225 802 2260 datum
826 2226 869 2260 iri
893 2226 1015 2259 lumen
1036 2236 1108 2270 quo

48 2286 228 2331 indigent,
260 2285 357 2332 quod
385 2284 546 2320 nondum
575 2294 762 2330 accepere,
792 2283 934 2318 etiamsi
963 2283 998 2318 in
1029 2283 1108 2329 ipso

49 2344 179 2379 mortis
202 2343 356 2378 articulo
379 2342 538 2378 dandum
561 2345 665 2376 esset.

114 2400 205 2435 112.
243 2401 560 2442 Quemadmodum
596 2400 695 2434 enim
729 2398 904 2443 Theologi
933 2399 1111 2444 Augusta-

49 2469 119 2494 nae
140 2459 388 2494 Confessionis
416 2459 522 2492 fidem
552 2458 711 2503 aliquam
740 2460 939 2502 agnoscunt
966 2458 1003 2491 in
1025 2458 1110 2492 tide-

50 2517 141 2550 lium
175 2515 375 2550 infantibus
412 2516 593 2561 baptismo
624 2515 779 2560 ablutis,
818 2515 885 2549 etsi
914 2516 1013 2549 nulla
1035 2516 1112 2560 ejus

50 2576 250 2620 appareant
282 2573 458 2617 vestigia3
494 2573 546 2607 ita
574 2573 666 2607 nihil
694 2573 874 2617 obstaret,
913 2573 1031 2606 Deum
1068 2574 1112 2607 iis

51 2699 168 2734 agone
210 2688 290 2734 ipso
335 2688 456 2722 lumen
494 2687 641 2732 aliquod
680 2687 919 2721 necessarium
954 2688 1113 2723 tribuere

51 2749 156 2781 extra
186 2746 371 2791 ordinem,
400 2744 498 2790 quod
528 2755 592 2790 per
621 2754 766 2779 omnem
789 2744 903 2779 vitam
925 2747 1031 2779 antea
1052 2745 1113 2779 de-

52 2804 189 2839 fuisset.

116 2862 208 2896 113.
238 2860 362 2906 Itaque
383 2859 491 2894 etiam
529 2850 569 2891 οἷ
590 2852 681 2899 ἐξω,
714 2859 846 2905 quibus
875 2859 953 2894 sola
974 2859 1114 2905 praedi-

52 2920 147 2954 catio
183 2922 334 2954 externa
372 2920 500 2963 negata
528 2919 600 2962 est,
637 2917 850 2952 clementiae
875 2917 1113 2962 justitiaeque

53 2977 234 3012 Creatoris
263 2975 488 3021 relinquendi
510 2977 613 3019 suut,
650 2975 718 3009 etsi
754 2974 954 3010 nesciamus
982 2975 1112 3020 quibus

52 3037 116 3069 aut
136 3044 292 3079 quanam
314 3035 406 3068 forte
426 3032 566 3068 ratione
587 3032 686 3067 Deus
707 3035 899 3067 succurrat.

118 3091 213 3127 114.
243 3091 313 3127 Sed
339 3101 421 3126 cum
451 3091 579 3126 saltem
616 3093 753 3124 certum
781 3090 826 3124 sit
848 3101 920 3125 non
942 3090 1112 3126 omnibus

55 3148 135 3182 dari
156 3148 302 3193 ipsam
324 3148 516 3184 volendi
539 3147 754 3193 gratiam,
785 3147 998 3193 praesertim
1019 3158 1112 3193 quae

57 3205 151 3240 felici
172 3205 242 3239 fine
261 3209 469 3241 coronetur:
492 3206 549 3241 hic
568 3205 647 3249 jam
671 3205 707 3240 iu
726 3205 803 3240 Deo
825 3205 880 3240 vel
899 3205 1111 3241 misanthro-

56 3263 153 3308 piam
184 3262 239 3298 vel
275 3265 370 3298 certe
397 3263 709 3311 prosopolepsiam
737 3266 889 3308 arguunt
915 3262 1111 3299 adversarii

994 157 1270 195 CAUSA
1330 156 1481 194 DEI.

685 1184 843 1220 Facienti
871 1184 969 1230 quod
998 1185 1036 1219 in
1066 1195 1102 1219 se
1131 1185 1132 1190 ’

1141 2690 1142 2723 ἶ
1172 2692 1226 2723 tas
1237 2716 1246 2734 ,
1278 2689 1373 2723 Deus
1389 2688 1530 2730 jubent.

2126 158 2208 199 661

1155 251 1326 298 veritatis,
1350 250 1446 297 quod
1467 250 1653 287 miseriam
1673 251 1861 289 hominum
1882 256 2067 300 procuret,
2096 255 2210 302 quod-

1123 345 1126 356 ,
1153 320 1222 356 que
1245 320 1319 345 non
1339 320 1439 345 omes
1459 310 1585 358 salvet,
1606 321 1688 346 eum
1708 312 1836 360 possit,
1857 315 1921 348 aut
1940 316 2035 349 certe
2055 325 2132 351 non
2146 315 2210 350 eli-

42 374 238 422 plurimum
259 372 296 407 in
332 374 452 406 mente
487 373 611 405 nostra
646 370 808 416 possint,
845 369 938 404 actio
974 371 1096 404 tamen
1123 360 1126 371 ’

1152 371 1214 414 gat
1235 371 1422 404 merentes.

1218 427 1231 462 l
1248 427 1309 461 15.
1331 426 1377 461 Et
1398 436 1502 473 sane,
1527 425 1558 461 si
1580 427 1677 462 Deus
1698 428 1899 464 maximam
1919 428 2108 467 hominum
2128 443 2211 479 par-

1153 487 1227 520 tem
1255 484 1337 520 ideo
1363 487 1506 520 tantum
1527 488 1701 532 creasset,
1730 488 1771 521 ut
1791 490 1937 522 aeterna
1959 499 2085 525 eorum
2107 492 2210 527 mali-

1154 543 1206 578 tia
1226 543 1440 588 miseriaque
1457 542 1622 586 justitiae
1644 543 1714 578 sibi
1735 544 1888 588 gloriam
1910 546 2127 585 vindicaret:
2150 561 2210 586 ne-

1155 611 1224 647 que
1240 601 1383 636 bonitas
1403 601 1442 635 111
1462 611 1516 648 00,
1540 612 1655 648 neque
1675 602 1866 652 sapientia,
1890 615 2005 651 neque
2026 607 2106 654 ipsa
2125 619 2211 645 vera

1152 659 1297 704 justitia
1317 658 1454 694 laudari
1476 662 1607 705 posset.

1221 718 1312 753 116.
1336 718 1381 752 Et
1403 718 1535 753 frustra
1556 718 1750 766 regeritur,
1784 729 1850 755 nos
1871 721 1968 768 apud
1990 732 2072 758 eum
2093 724 2209 773 nihili,

1158 787 1222 811 nec
1246 776 1359 822 pluris
1381 786 1490 822 quam
1511 777 1698 812 vermiculi
1719 778 1816 824 apud
1844 790 1912 814 nos
1941 791 2034 815 esse:
2063 793 2212 818 excusa-

1158 835 1210 870 tio
1230 834 1327 869 enim
1347 835 1416 870 ista
1436 845 1509 870 non
1532 835 1727 883 minueret,
1759 836 1822 872 sed
1844 842 1988 883 augeret
2003 839 2211 889 duritatem,

1160 893 1262 929 omni
1291 893 1413 938 utique
1435 893 1705 940 philanthropia
1741 894 1901 942 sublata,
1937 897 1968 931 si
1996 908 2069 933 non
2098 900 2214 946 magis

1131 995 1132 998 Ἰ
1159 952 1256 986 Deus
1277 951 1466 987 bominum
1488 962 1612 986 curam
1639 956 1796 999 gereret,
1820 963 1928 999 quam
1950 965 2017 990 nos
2039 958 2214 993 vermicu-

1160 1010 1299 1056 lorum,
1336 1019 1427 1055 quos
1462 1020 1585 1046 curare
1606 1021 1671 1047 nec
1698 1021 1908 1057 possumus,
1945 1023 2010 1047 nec
2041 1015 2216 1051 volumus

1161 1068 1228 1103 Dei
1255 1078 1340 1103 vero
1375 1068 1641 1114 providentiam
1669 1069 1759 1105 nihil
1787 1070 1985 1114 exiguitate
2013 1082 2079 1108 sua
2104 1073 2218 1120 latet„

1160 1129 1224 1162 aut
1246 1126 1476 1161 multitudine
1490 1127 1696 1174 confundit,
1713 1129 1937 1175 passerculos
1953 1129 2030 1175 alit,
2052 1130 2217 1166 homines

1160 1188 1278 1230 amat,
1316 1184 1387 1219 illis
1409 1184 1453 1220 de
1474 1185 1570 1220 victu
1592 1186 1784 1233 prospicit,
1821 1186 1896 1234 his,
1926 1190 2102 1233 quantum
2122 1189 2160 1224 in
2180 1200 2218 1225 se

1159 1247 1231 1290 est,
1253 1243 1459 1277 felicitatem
1480 1246 1597 1289 parat.

45 1307 123 1349 est,
155 1314 221 1338 nec
243 1303 339 1336 Deus
364 1301 498 1336 descrit
519 1301 588 1336 nisi
609 1301 852 1348 deserentem,
876 1304 916 1336 ut
937 1305 1019 1347 post
1040 1312 1102 1336 an·
1130 1311 1132 1321 ’

1225 1301 1317 1337 117.
1349 1301 1453 1342 Quod
1482 1302 1513 1336 si
1544 1302 1626 1348 quis
1652 1302 1793 1347 longius
1813 1305 2007 1349 provectus
2028 1304 2218 1340 contende-

1161 1362 1238 1406 ret,
1260 1362 1335 1394 tam
1352 1360 1509 1394 solutam
1533 1371 1609 1395 esse
1626 1360 1691 1395 Dei
1713 1363 1941 1407 potestatem,
1965 1364 2039 1397 tam
2055 1366 2220 1398 exortem

1165 1418 1309 1463 regulae
1338 1418 1658 1465 gubernationem,
1688 1422 1728 1453 ut
1756 1418 1986 1455 innocentem
2014 1431 2156 1467 quoque
2185 1425 2221 1457 et

1135 1517 1136 1522 ¹
1165 1475 1310 1521 quidem
1335 1475 1417 1519 jure
1448 1476 1615 1521 damnet3
1646 1476 1725 1519 jam
1746 1487 1818 1512 non
1839 1481 2011 1524 apparet,
2047 1483 2109 1514 aut
2130 1489 2221 1525 quae

1134 1555 1137 1570 ,·
1166 1533 1261 1579 apud
1290 1533 1406 1568 Deum
1428 1534 1522 1569 foret
1537 1534 1702 1581 justitia,
1739 1538 1801 1570 aut
1822 1535 1910 1580 quid
1945 1547 1967 1571 a
1995 1538 2091 1572 malo
2120 1538 2222 1572 Prin-

1187 1591 1193 1597 .
1226 1591 1232 1596 .
1331 1602 1337 1608 ,
1499 1592 1505 1598 .
1639 1593 1645 1600 .
1839 1593 1845 1599 .
1908 1594 1921 1609 Τ
1950 1594 1956 1600 .
2016 1595 2054 1613 ἡ.
2202 1607 2209 1614 ,

45 1659 123 1685 rem
143 1648 276 1684 ChriSti
296 1648 500 1683 doetrinam
520 1647 722 1693 acceperint
770 1657 835 1682 nec
864 1647 1038 1682 credibile
1061 1648 1106 1682 ζῆ
1133 1625 1135 1673 Ξ
1164 1602 1259 1636 clplo
1280 1602 1402 1625 rerum
1430 1595 1591 1637 potiente
1611 1592 1763 1627 distaret
1784 1593 1865 1628 talis
1888 1594 2056 1630 Lmveisi
2078 1595 2221 1642 Restm,

570 1675 581 1682 Δ
598 1674 600 1678 f
732 1673 742 1693 ,
1060 1674 1074 1681 c

1164 1648 1221 1682 cui
1257 1648 1369 1683 etiam
1411 1649 1541 1684 merito
1576 1650 1928 1697 Misanthropia
1971 1655 2006 1688 et
2041 1653 2224 1698 Tyrannis

1164 1706 1394 1741 tribueretur.

1230 1764 1322 1799 118.
1351 1764 1455 1800 Hunc
1482 1765 1578 1799 enim
1600 1766 1718 1800 Deum
1747 1766 1947 1802 timendum
1977 1768 2024 1804 ob
2046 1769 2225 1815 magnitu-

1166 1822 1309 1869 dinem,
1346 1823 1410 1857 sed
1446 1834 1518 1858 non
1554 1824 1750 1858 amandum
1787 1825 1834 1859 ob
1870 1825 2076 1861 bonitatem
2111 1828 2226 1862 mani-

1166 1882 1300 1915 festum
1323 1881 1428 1916 foret.
1490 1881 1594 1916 Certe
1617 1882 1827 1925 tyrannicos
1849 1886 1949 1918 actus
1970 1895 2044 1919 non
2065 1895 2227 1921 amorem

1165 1938 1227 1973 sed
1256 1938 1382 1972 odium
1410 1939 1567 1974 excitare
1588 1942 1748 1986 constat,
1781 1944 2056 1987 quantacunque
2083 1943 2132 1977 sit
2162 1954 2227 1988 po·

1166 1995 1277 2030 tentia
1297 1996 1336 2029 in
1356 1999 1503 2041 agente,
1527 1997 1603 2032 imo
1626 2001 1729 2031 tanto
1750 1999 1865 2042 magis
1886 2002 2022 2044 quanto
2044 2001 2129 2034 haee
2150 2010 2227 2036 ma-

1133 2046 1135 2096 ’,
1160 2053 1223 2097 jor
1251 2055 1326 2099 est,
1370 2054 1439 2088 etsi
1477 2053 1804 2090 demonstrationes
1841 2056 1916 2090 odii
1953 2059 2052 2092 metu
2088 2068 2154 2103 sup
2178 2058 2227 2092 ri-

1165 2114 1319 2146 mantur.

1230 2169 1248 2202 1
1262 2168 1323 2202 19.
1354 2167 1400 2203 Et
1426 2168 1593 2203 homines
1614 2169 1725 2203 taleni
1747 2169 1946 2205 Dominum
1967 2171 2124 2206 colentes
2145 2172 2227 2207 imi-

1168 2227 1305 2261 tatione
1326 2225 1402 2270 ejus
1432 2237 1454 2260 a
1473 2226 1623 2261 caritate
1652 2227 1698 2261 ad
1720 2226 1889 2262 duritiem
1909 2228 2228 2276 crudelitatemque

1168 2287 1465 2331 provocarentur.
1518 2284 1644 2329 Itaque
1666 2286 1761 2319 male
1782 2286 1928 2331 quidam
1950 2290 2142 2332 praetextu
2163 2288 2227 2323 ab·

1169 2342 1278 2377 soluti
1299 2342 1338 2376 in
1359 2342 1436 2377 Deo
1454 2341 1546 2385 juris
1568 2343 1654 2377 talia
1684 2342 1717 2377 ei
1747 2346 1826 2378 acta
1857 2344 2076 2391 tribuerunt,
2107 2348 2147 2380 ut
2175 2348 2228 2381 fa-

1170 2401 1238 2435 teri
1259 2403 1471 2445 cogerentur
1485 2400 1669 2435 hominem
1693 2401 1723 2435 si
1744 2402 1793 2436 sic
1809 2406 1930 2445 ageret
1944 2403 2097 2449 pessime
2113 2404 2226 2439 factu-

1170 2469 1250 2493 rum
1268 2469 1361 2493 esse:
1392 2458 1697 2503 quemadmodum
1719 2461 1754 2493 et
1775 2460 1957 2495 nonnullis
1973 2461 2136 2506 elapsum
2159 2465 2226 2508 est,

1170 2527 1262 2561 quae
1284 2516 1319 2549 in
1342 2516 1423 2550 aliis
1445 2526 1556 2561 prava
1578 2516 1665 2561 sint,
1688 2517 1725 2551 in
1747 2517 1824 2552 Deo
1845 2528 1921 2553 non
1942 2520 2030 2566 fore,
2053 2521 2137 2565 quia
2159 2520 2227 2567 ipsi

1140 2605 1141 2614 ,
1171 2584 1242 2608 11011
1264 2573 1309 2607 sit
1332 2574 1391 2607 lex
1414 2574 1541 2619 posita.

51 2631 176 2676 quales
206 2630 384 2675 diximus,
415 2630 497 2664 licet
526 2630 698 2664 hactenus
729 2640 802 2664 non
826 2629 1050 2676 Christianis,
1075 2631 1111 2665 in

1236 2630 1330 2665 120.
1360 2631 1481 2674 Longe
1503 2632 1575 2667 alia
1596 2642 1662 2666 nos
1685 2632 1729 2667 de
1750 2633 1828 2668 Deo
1845 2633 1989 2669 credere
2010 2635 2120 2681 ratio,
2152 2636 2225 2681 pie-

1591 2690 1739 2725 Summa
1761 2690 1800 2725 in
1828 2691 1891 2726 illo
1912 2692 2115 2739 Sapientia,
2144 2703 2223 2727 cum

1173 2746 1334 2780 maxima
1362 2746 1529 2781 Bonitate
1557 2747 1766 2793 conjuncta,
1804 2748 1890 2793 facit
1917 2753 1956 2785 ut
1987 2750 2222 2786 abundantis-

1140 2834 1142 2841 ,
1173 2804 1262 2838 sime
1287 2802 1472 2850 justitiae,
1503 2805 1715 2851 aequitatis,
1744 2806 1958 2853 virtutisque
1987 2809 2081 2852 leges
2106 2809 2224 2840 servet

1172 2864 1213 2895 ut
1241 2861 1405 2896 onmium
1427 2872 1549 2897 curam
1579 2863 1728 2909 habeat,
1755 2864 1816 2899 sed
1840 2866 1999 2900 maxime
2026 2864 2222 2907 intelligen—

1172 2920 1263 2954 tium
1279 2922 1535 2966 creaturarum,
1546 2931 1632 2966 quas
1650 2921 1696 2957 ad
1712 2921 1908 2967 imaginem
1925 2922 2081 2958 condidit
2098 2927 2219 2961 suamJ

1171 2979 1207 3012 et
1234 2979 1275 3011 ut
1294 2980 1435 3012 tantum
1457 2978 1639 3015 felicitatis
1661 2980 1874 3026 virtutisque
1896 2981 2083 3027 producat,
2113 2988 2221 3022 quan-

1172 3037 1249 3069 tum
1293 3035 1391 3081 capit
1427 3035 1607 3082 optimum
1643 3039 1831 3084 exemplar
1868 3038 2020 3072 universi
2042 3062 2050 3080 ,
2094 3035 2221 3070 vitium

1172 3095 1300 3133 autem,
1322 3093 1576 3140 miseriamque
1604 3105 1675 3131 non
1695 3096 1767 3131 alia
1788 3096 1972 3139 admittat,
2002 3102 2109 3136 quam
2131 3102 2221 3137 quae

1174 3149 1209 3184 in
1232 3150 1372 3195 optima
1393 3151 1484 3186 serie
1505 3153 1649 3188 admitti
1672 3154 1895 3198 exigebatur.

1236 3207 1328 3242 124.
1357 3208 1403 3244 Et
1431 3209 1514 3246 licet
1540 3221 1627 3257 prae
1649 3212 1729 3257 ipso
1750 3211 1827 3245 Deo
1855 3207 1993 3242 infinito
2023 3217 2089 3241 nos
2118 3207 2222 3242 nihili

1172 3264 1376 3314 videamur,
1408 3267 1475 3304 hoe
1501 3269 1622 3315 ipsum
1652 3272 1772 3304 tamen
1804 3265 1964 3301 infinitae
1983 3263 2060 3308 eius
2082 3265 2221 3312 sapien‘

1750 3323 1799 3357 84
