2361 3643
734 119 864 156 Lxlv.
925 117 1155 155 EPISTOLA
1185 118 1254 154 AD
1284 117 1579 155 HANscHIUM.
2151 110 2237 156 445

80 226 132 257 ter
150 221 322 265 nostram,
342 219 378 252 et
397 226 480 252 cum
502 215 605 252 facile
624 215 782 261 cogitatu
803 215 862 263 sit,
884 215 1046 250 homines
1068 213 1128 260 qui
1155 210 1158 248 Ι
1186 213 1313 260 lucem,
1343 213 1509 260 calorem,
1539 212 1695 248 colorem
1723 216 1759 249 et
1787 212 1922 248 similes
1940 213 2130 260 qualitates
2157 226 2237 251 esse

80 279 266 315 nobiscum
295 278 566 321 conversantur,
602 275 813 310 tantundem
843 285 970 309 causae
998 274 1129 309 habere
1186 276 1398 319 apparentes
1419 273 1478 308 sed
1499 276 1534 308 et
1554 276 1694 308 motum
1709 276 1744 308 ct
1760 272 1909 319 figuram
1923 275 1959 309 et
1973 275 2236 314 extensionem.

80 347 182 386 posse
208 335 397 371 dubitandi
425 336 468 370 de
491 334 597 369 nobis
613 337 786 381 quantum
807 345 872 369 nos
895 333 939 369 de
959 333 1042 380 illis,
1065 343 1128 367 nec
1187 331 1233 367 Et
1264 332 1295 367 si
1315 332 1399 378 quid
1428 336 1483 367 est
1503 332 1610 378 reale,
1641 332 1677 368 id
1704 332 1821 367 solum
1852 344 1930 368 esse
1951 332 2025 368 vim
2052 335 2180 380 agendi
2201 338 2238 370 et

79 397 170 432 ratio
192 394 309 439 major
328 406 394 442 pro
411 394 516 429 nobis
537 394 677 439 militet,
699 394 810 428 etiam
832 393 885 429 illi
914 393 1071 428 existent
1093 394 1130 426 et
1157 425 1160 457 ι
1189 391 1349 438 patiendi
1379 390 1540 437 adeoque
1569 391 1606 426 in
1628 391 1705 436 hoc,
1737 395 1922 438 tamquam
1956 392 1994 427 in
2022 394 2174 430 materia
2201 397 2238 430 et

78 458 212 490 mentes
234 454 427 490 habebunt.
485 453 579 488 Hinc
602 452 681 496 jam
701 452 851 488 historia
873 463 973 488 sacra
992 455 1029 487 et
1049 462 1129 498 pro-
1157 466 1159 512 i
1189 451 1308 486 forma
1333 450 1572 486 substantiam
1607 451 1766 496 corporis
1801 451 2008 499 consistere,
2043 462 2135 499 quae
2162 464 2238 488 cor·

77 516 161 550 sana
180 518 216 548 et
236 524 465 560 quaecunque
482 513 528 547 ad
545 515 678 547 statum
693 512 867 547 mentium
890 523 950 547 seu
966 511 1130 546 substan·
1157 515 1159 554 ζ
1189 520 1277 557 pora
1298 512 1418 545 autem
1447 510 1600 545 formam
1627 509 1900 546 substantialem
1929 522 2001 547 non
2021 511 2165 560 liabent,
2197 523 2240 547 ea

78 573 223 619 tiarmn,
255 573 487 607 rationalium
511 571 692 618 pertinent
711 571 921 605 confirmata
942 571 1128 606 habentur.
1156 560 1159 625 f
1187 572 1326 604 tantum
1366 569 1613 616 phaenomena
1653 579 1755 617 esse,
1804 572 1865 604 aut
1905 571 2031 607 saltem
2070 582 2238 608 verorum

136 633 190 668 De
217 632 429 679 corporibus
449 632 696 667 demonstrare
724 640 869 676 possum
891 641 963 666 non
990 632 1129 666 tantum
1155 633 1161 678 l
1188 631 1392 675 aggregata.

1053 971 1268 1032 LXIV,

890 1088 1440 1149 EPISTOLA

1133 1210 1203 1247 AD

82 1310 694 1389 HANSCHIUM
732 1311 873 1387 DE
923 1307 1625 1388 PHILOSOPHIA
1662 1306 2249 1385 PLATONICA

720 1456 826 1492 SIVE
858 1456 923 1492 DE
954 1455 1298 1493 ENTHUSIASMO
1329 1453 1612 1491 PLATONICO.

993 1608 1123 1665 17

1189 1608 1351 1666 07.

91 1784 315 1823 (nanscnii
342 1786 492 1815 Dian-iba
507 1786 543 1814 tle
557 1785 789 1815 Enniusiasmo
805 1785 988 1815 Platonico.
1015 1785 1106 1821 Lips.
1127 1785 1225 1814 1716.
1243 1785 1275 1814 4.
1303 1784 1443 1814 Leihn.
1469 1784 1554 1819 ουρ.
1583 1785 1607 1812 E
1620 1783 1649 1811 d.
1676 1784 1703 1812 D
1716 1787 1839 1811 utens
1866 1783 2005 1812 'rom-11.
2021 1784 2056 1813 P.
2069 1784 2097 1812 1.
2111 1791 2141 1819 p.
2157 1782 2253 1817 222.)

147 1972 175 2007 1.
223 1971 442 2018 Opusculum
472 1975 575 2006 tuum
604 1971 647 2007 de
677 1971 862 2008 Platonico
890 1972 1144 2008 Enthusiasmo
1170 1974 1172 1978 ’

90 2031 205 2068 multa
227 2041 308 2065 cum
330 2032 514 2078 voluptate
535 2031 618 2078 legi,
641 2033 677 2065 ct
693 2042 822 2078 operae
837 2035 871 2066 te
886 2031 1043 2078 pretium
1064 2042 1145 2067 cum
1172 2028 1173 2031 ’

90 2092 134 2126 iis
156 2091 274 2125 facere
291 2089 427 2136 judico,
457 2090 519 2136 qui
546 2093 711 2125 veterum
740 2090 1048 2136 philosophemata
1068 2090 1147 2125 illu-

90 2153 215 2185 strant.

91 2211 283 2244 renovatas
304 2209 360 2243 vel
381 2219 495 2255 nuper
516 2209 694 2243 inventas.

93 2385 188 2432 (leat,
210 2396 283 2420 non
303 2384 553 2420 animadverti.
599 2385 693 2420 Illud
721 2396 878 2431 agnosco
905 2386 1037 2421 unius
1067 2385 1149 2420 Dei

93 2446 230 2480 cultum
259 2455 372 2490 paene
393 2444 626 2480 obliteratum
647 2444 684 2479 in
718 2445 875 2480 humano
897 2456 1045 2491 genere,
1087 2456 1149 2491 per

95 2503 280 2538 Hebraeos
300 2502 505 2538 restitutum
527 2514 614 2538 esse.
664 2503 912 2538 Homerum
933 2508 969 2539 et
990 2504 1150 2540 Hesio-

96 2562 196 2597 dum
216 2559 262 2595 ad
283 2560 483 2607 Aegyptios
505 2561 648 2608 adiisse,
671 2573 776 2608 aegre
796 2562 913 2597 credo.
959 2562 1057 2598 Nihil
1079 2564 1150 2598 tale
1178 2582 1179 2592 κ

96 2621 142 2656 de
163 2619 359 2654 Homero
380 2620 518 2654 Auctor
540 2620 646 2666 vitae,
675 2620 736 2666 qui
758 2620 1022 2656 Herodotus
1043 2621 1151 2656 habe-

98 2683 166 2715 tur.
214 2677 363 2712 Interim
390 2677 547 2713 Graecos
575 2678 680 2712 initia
706 2679 934 2713 scientiarum
962 2680 1152 2726 Aegyptiis

97 2742 134 2773 et
153 2735 390 2772 Phoenicibus
419 2735 550 2771 debere
584 2736 699 2771 libens
726 2737 891 2772 admitto.
953 2738 1152 2785 Aegyptios

98 2797 218 2842 aliqua
252 2795 416 2830 docuisse
458 2796 587 2830 merito
621 2795 778 2830 creditur
812 2795 876 2830 Ab
885 2796 1096 2832 rahamus
1131 2808 1153 2832 a

99 2854 286 2890 Chaldaeis
305 2856 496 2901 profectus.
529 2854 818 2889 Immortalitatis
839 2854 1039 2890 animarum
1061 2855 1152 2890 anti-

99 2914 269 2960 quissima
285 2913 449 2948 doctrina
469 2910 849 2960 μετε,ιιψυχωο”εως
867 2913 1152 2950 additamentum

103 2972 244 3007 videtur
278 2973 325 3008 ab
361 2972 459 3007 Indis
495 2972 681 3017 accepisse,
718 2971 814 3017 quod
849 2971 933 3007 inde
960 2973 1005 3008 ad
1026 2973 1152 3018 Magos

101 3031 369 3077 Aegyptiosque
398 3032 536 3066 venisse
564 3030 733 3066 credibile
753 3033 819 3065 est.
866 3031 893 3065 P
905 3032 1012 3074 ytha
1020 3042 1152 3077 goras
1180 3042 1181 3049 ¹

102 3093 222 3124 autem
238 3090 274 3124 in
291 3090 518 3125 Occidentem
536 3089 748 3137 introduxit,
766 3090 855 3124 hunc
874 3089 1004 3125 Plato
1019 3091 1151 3137 passini
1179 3080 1182 3110 ³

103 3150 272 3193 sequutus
292 3152 355 3183 est.

162 3206 207 3240 ll.
240 3205 347 3241 Nulla
363 3210 521 3242 veterum
539 3207 764 3253 Philoiophia
786 3207 900 3252 magis
920 3206 965 3241 ad
987 3205 1153 3243 Christia-

106 3275 188 3299 nani
210 3263 355 3309 accedit,
375 3266 441 3300 etsi
464 3266 592 3301 merito
614 3266 924 3312 rsprehendantur,
947 3265 1053 3311 siqui
1075 3265 1152 3300 ubi-

105 3326 304 3369 qucputent
321 3323 558 3360 Platonem
577 3325 842 3361 conciliabilem
854 3325 1063 3361 CHRISTO.
1085 3324 1151 3360 Sed

276 2148 371 2184 Nam
392 2153 427 2184 et
447 2150 591 2184 firmant
611 2152 647 2184 et
667 2152 881 2195 promovent
903 2149 1070 2184 veritates
1092 2149 1147 2183 vel
1173 2148 1175 2154 '

745 2208 876 2244 Utrum
905 2208 951 2243 ab
972 2207 1148 2243 Hebraeis

91 2267 228 2314 aliquid
250 2267 440 2303 didicerint
475 2267 764 2312 Pythagoras
803 2270 839 2302 et
867 2267 1021 2313 Plato,
1067 2278 1147 2302 cum
1176 2290 1177 2319 ζ

92 2327 236 2361 nemine
256 2326 398 2371 litigare
420 2326 548 2370 velim,
570 2326 751 2372 hactenus,
773 2326 869 2372 quod
891 2326 929 2360 id
949 2326 1048 2362 credi
1070 2338 1149 2361 sua-
1176 2324 1178 2367 ἰ

1203 1970 1459 2019 ignoscendum
1495 1972 1548 2004 est
1583 1969 1778 2015 veteribus,
1814 1969 1918 2005 initia
1939 1981 2074 2007 ,rerum
2108 1971 2257 2006 creatio-

1203 2041 1344 2075 nemve,
1374 2032 1409 2064 et
1437 2038 1631 2074 corporum
1653 2033 1858 2063 nostrorum
1878 2029 2176 2064 resurrectionem
2196 2040 2257 2064 ne-

1204 2088 1381 2135 gantibus.
1423 2087 1521 2122 Haec
1541 2085 1638 2121 enim
1659 2087 1736 2122 sola
1756 2087 1973 2123 revelatione
1993 2088 2075 2123 sciri
2096 2091 2256 2134 possunt.

1262 2147 1324 2183 111.
1370 2146 1519 2182 Interim
1547 2145 1788 2193 pulcherrima
1811 2150 1895 2181 sunt
1915 2146 2029 2181 multa
2049 2146 2258 2182 Platonis

1205 2207 1387 2252 dogmata,
1419 2215 1508 2252 quae
1537 2208 1577 2240 tu
1605 2215 1745 2251 quoque
1771 2204 1934 2250 attingis:
1965 2215 2075 2241 unam
2096 2206 2258 2241 omnium

1205 2277 1367 2302 caussam
1396 2275 1493 2310 esse,
1532 2275 1609 2299 esse
1644 2264 1682 2299 in
1711 2263 1834 2299 divina
1860 2267 1981 2299 mente
2008 2264 2183 2300 mundum
2203 2265 2258 2300 in·

1207 2325 1445 2370 telligibilem,
1475 2334 1582 2369 quem
1611 2333 1678 2368 ego
1699 2333 1840 2369 quoque
1869 2333 1997 2358 vocare
2023 2323 2122 2359 soleo
2142 2324 2258 2369 regio-

1206 2395 1288 2420 nem
1308 2384 1479 2420 idearum.
1512 2382 1704 2427 Objectum
1725 2382 1921 2428 sapientiae
1941 2393 2016 2418 esse
2043 2372 2097 2414 τὰ
2128 2373 2258 2423 ὅντως

1208 2435 1328 2484 ὄντα,
1350 2442 1570 2478 substantias
1588 2452 1717 2488 nempe
1731 2440 1923 2488 simplices,
1945 2452 2037 2488 quae
2056 2451 2078 2476 a
2097 2451 2157 2476 me
2176 2441 2259 2477 Μο-

1208 2502 1316 2538 nades
1337 2502 1576 2549 appellantur,
1606 2504 1641 2536 et
1662 2500 1772 2535 semel
1802 2500 1995 2536 existentes
2015 2510 2154 2547 semper
2180 2511 2258 2548 per-

1208 2564 1314 2606 stant,
1344 2558 1483 2605 πφεῦτα
1511 2549 1681 2592 δεκτικὰ
1710 2556 1782 2602 τῆς
1813 2547 1925 2606 going,
1956 2559 1995 2595 id
2014 2562 2067 2594 est
2086 2559 2203 2595 Deum
2223 2562 2261 2595 et

1209 2620 1367 2665 animas,
1396 2622 1431 2654 et
1457 2618 1585 2654 harum
1615 2618 1821 2663 potissimas
1850 2617 2011 2666 Mentes,
2041 2618 2217 2666 producta
2236 2629 2258 2653 a

1210 2680 1287 2714 Deo
1329 2678 1519 2712 simulacra
1554 2676 1763 2711 divinitatis.
1822 2676 2103 2713 Mathematicae
2137 2681 2258 2713 autem

1211 2737 1393 2783 scientiae,
1423 2746 1513 2782 quae
1533 2739 1642 2779 agunt
1662 2735 1706 2770 de
1726 2735 1881 2771 aeternis
1901 2736 2125 2784 veritatibus,
2146 2737 2184 2772 in
2204 2735 2256 2769 di-

1210 2796 1295 2831 vina
1315 2798 1434 2830 mente
1454 2794 1633 2840 radicatis,
1656 2798 1871 2841 praeparant
1890 2806 1956 2831 nos
1976 2796 2022 2831 ad
2043 2794 2257 2831 substantia-

1210 2866 1289 2891 rum
1310 2853 1562 2899 cognitionem.
1593 2853 1786 2889 Sensibilia
1802 2857 1922 2890 autem
1938 2858 1974 2891 et
1994 2855 2031 2890 in
2053 2855 2256 2889 universum

1210 2912 1419 2959 composita,
1457 2923 1529 2958 seu,
1565 2915 1605 2947 ut
1631 2912 1683 2947 ita
1710 2912 1837 2960 dicam,
1875 2914 2122 2959 substantiata,
2158 2911 2256 2945 fluxa

1210 2962 1358 3017 sunt,‘et
1378 2971 1492 3014 magis
1513 2971 1614 3017 fiunt,
1641 2981 1749 3017 quam
1770 2973 1940 3008 existunt.
1979 2974 2090 3009 Porro
2111 2967 2256 3015 quaevis

1211 3041 1322 3074 niens,
1347 3032 1384 3064 ut
1406 3033 1499 3064 recte
1519 3029 1749 3077 plotinus,
1770 3032 1961 3078 quemdam
1980 3032 2015 3066 in
2032 3042 2068 3065 se
2084 3026 2257 3064 mundum

1212 3088 1473 3132 intelligibilem
1501 3088 1671 3136 continet,
1700 3090 1774 3125 imo
1801 3102 1882 3126 mea
1907 3089 2083 3126 sententia
2109 3088 2145 3121 et
2164 3085 2258 3120 hunc

1211 3148 1329 3195 ipsum
1365 3147 1569 3183 sensibilem
1603 3148 1674 3183 sibi
1708 3152 1960 3196 repraesentat.
2013 3145 2079 3180 Sed
2115 3143 2256 3178 infinito

1212 3206 1415 3242 discrimine
1446 3207 1547 3242 abest
1575 3212 1696 3243 noster
1724 3209 1920 3243 intellectus
1947 3217 1967 3240 a
1988 3204 2130 3250 divino,
2158 3201 2256 3249 quod

1211 3266 1308 3300 Deus
1329 3265 1450 3300 omnia
1477 3266 1584 3301 simul
1611 3266 1806 3313 adaequate
1834 3266 1949 3309 videt3
1979 3263 2016 3297 in
2044 3261 2151 3297 nobis
2170 3271 2256 3308 pau-

1210 3324 1354 3360 cissima
1382 3324 1546 3361 distincte
1574 3329 1788 3370 noscuntur,
1825 3328 1961 3359 caetera
1990 3322 2138 3357 confusa
2158 3321 2256 3356 velut

1713 3396 1733 3417 O
1750 3396 1759 3417 1
