2361 3643
100 169 187 213 354
820 158 994 196 LXXIII.
1053 158 1081 196 C
1111 157 1145 195 A
1175 156 1210 195 U
1240 159 1264 196 S
1294 158 1328 195 A
1388 158 1423 194 D
1453 156 1485 195 E
1513 157 1542 196 1.

103 279 186 317 gros
211 260 369 301 Mundos
396 255 584 305 possibiles
612 250 790 300 infinitos,
819 261 974 298 quorum
1002 250 1156 298 quilibet
1181 256 1184 291 ξ
1209 251 1400 296 obstaret,
1421 249 1452 285 si
1473 260 1566 299 non,
1602 249 1675 286 nisi
1694 260 1828 301 unum,
1863 255 1956 292 foret
1975 256 2175 295 voluntatis
2197 256 2262 295 ob·

105 329 182 364 Deo
209 324 262 357 est
289 318 444 365 perfecte
469 313 654 360 cognitus,
689 310 756 345 etsi
783 321 831 345 ex
860 311 932 346 illis
954 321 1047 357 non,
1084 310 1155 345 nisi
1206 310 1345 354 jectum
1373 307 1568 357 possibile,
1604 320 1667 345 seu
1696 311 1727 346 si
1755 321 1827 346 una
1846 314 1985 350 tantum
2006 317 2190 362 possibilis
2208 328 2263 352 rc⁴

104 383 240 424 unicus,
261 377 305 411 ad
327 373 559 409 existentiam
579 369 813 417 perducatur:
836 379 951 416 neque
966 369 1061 404 enim
1078 369 1155 415 plu·
1211 379 1292 404 rum
1322 366 1430 402 facies
1458 367 1605 414 fuisset,
1639 378 1712 414 quo
1738 379 1823 404 casu
1842 376 1996 408 cessaret
2014 375 2160 423 electio,
2197 386 2263 411 nec

104 450 160 477 res
181 434 339 472 Mundos
364 429 631 473 actuales‘fingi
662 428 708 463 ad
729 439 804 463 reni
827 428 930 474 facit,
960 438 1041 462 cum
1064 438 1155 462 unus
1214 426 1392 473 sapientia
1413 425 1630 472 bonitasque
1649 428 1788 471 agentis
1809 427 1950 463 laudari
1971 435 2099 475 posset,

103 496 210 533 nobis
240 496 355 528 totam
376 489 655 525 Universitatcm
686 486 939 522 Creaturarum
969 485 1156 529 cujuscun-
1274 483 1339 518 22.
1368 483 1493 530 Itaque
1514 487 1654 532 errant,
1682 488 1746 521 aut
1772 488 1868 520 certe
1896 486 2121 524 incommode
2139 489 2264 527 admo-

104 565 172 601 que
193 551 263 588 loci
285 552 321 585 et
341 548 516 594 temporis
536 546 806 592 complectatur,
829 556 942 591 eoque
962 555 1068 581 sensu
1088 544 1156 580 hoc
1214 542 1301 577 dum
1336 541 1527 590 loquutur,
1563 543 1625 589 qui
1661 555 1702 578 ea
1736 546 1878 578 tantum
1914 544 2101 590 possibilia
2127 547 2262 596 dicunt,

103 614 184 648 loco
204 608 361 645 Mundi
382 606 597 642 vocabulum
618 607 819 650 usurpatur.
1214 611 1305 647 quae
1325 603 1406 635 actu
1428 600 1538 647 fiunt,
1568 612 1632 636 seu
1656 612 1745 648 quae
1767 603 1862 637 Deus
1882 602 2009 648 elegit3
2044 603 2106 649 qui
2127 605 2194 640 fuit
2212 607 2264 643 la-

165 661 839 709 16.ScientiaActualium,seuMundi
859 660 905 696 ad
926 660 1157 696 existentiam
1216 670 1300 706 psus
1322 658 1521 694 Diodori
1542 659 1652 695 Stoici
1680 660 1775 707 apud
1796 660 2082 702 Ciceronem,
2111 664 2147 697 et
2174 662 2267 699 inter

103 725 285 776 perducti,
314 727 350 760 et
371 723 533 759 omnium
554 722 590 756 in
607 732 649 756 eo
671 720 968 766 praeteritorum,
990 729 1156 765 praesen·
1184 724 1187 759 1
1214 716 1438 752 Christianos
1481 717 1758 765 Abailardi,
1810 718 2031 767 wiclefi,
2080 719 2266 756 Hobbii.

104 787 195 822 tium
216 787 252 819 et
274 784 496 826 futurorum,
527 782 674 814 vocatur
699 778 908 813 Scientia
934 777 1155 812 visionis:
1184 766 1186 828 ἶ
1214 775 1281 810 Sed
1312 775 1405 809 infra
1426 775 1529 821 plura
1551 776 1596 812 de
1616 776 1784 812 libertate
1805 776 1991 825 dicentur,
2026 777 2090 814 ubi
2112 778 2268 815 humana

102 855 168 881 nee
195 843 319 878 differt
346 851 368 875 a
387 839 542 875 Scientia
569 837 743 883 simplicis
773 835 1033 882 intelligentiae
1053 835 1158 879 hujus
1184 834 1187 884 }
1214 833 1347 870 tuenda
1368 832 1449 867 erit.

103 902 216 949 ipsius
246 899 401 945 Mundi,
438 896 587 943 spectati
617 899 656 930 ut
677 894 882 942 possibilis,
916 904 1026 940 quam
1060 893 1158 939 quod
1185 893 1187 939 ξ’
1277 891 1342 926 23.
1379 891 1478 927 Hace
1511 891 1556 926 de
1577 891 1782 927 Voluntatis
1816 894 1964 938 natura3
1999 894 2161 940 sequitur
2188 893 2268 930 Vo-

103 960 240 997 accedit
259 957 417 1003 cognitio
437 955 620 1000 reflexim,
642 964 712 1000 qua
735 954 828 988 Deus
850 952 951 987 novit
972 963 1076 988 suum
1097 952 1157 987 de·
1215 949 1420 986 luntatis
1456 949 1650 996 divisio,
1686 960 1777 996 quae
1797 951 1835 985 in
1856 961 1961 986 usum
1980 955 2146 987 nostrum
2167 963 2270 998 prae-

103 1022 243 1054 cretum
279 1017 323 1051 de
353 1016 435 1061 ipso
463 1014 509 1049 ad
532 1013 760 1048 existentiam
782 1010 1022 1058 perducendo.
1083 1010 1158 1046 Nec
1184 1038 1186 1054 2
1216 1012 1356 1044 sentem
1387 1010 1441 1043 est
1468 1007 1700 1054 potissimum
1729 1008 1882 1056 duplex:
1910 1020 1982 1044 una
2002 1010 2037 1045 in
2060 1011 2271 1046 anteceden-

103 1077 177 1113 alio
200 1086 291 1122 opus
312 1077 366 1108 est
385 1072 529 1108 divinae
549 1070 891 1118 praescientiae
910 1070 1157 1105 fundamento.
1184 1071 1187 1115 ζ
1216 1071 1289 1103 tem
1325 1069 1361 1102 et
1394 1070 1670 1112 consequentem
1679 1093 1690 1114 ,
1727 1066 1842 1103 altera
1876 1066 1915 1103 in
1948 1067 2200 1115 productivam
2233 1071 2271 1105 et

168 1135 231 1170 17,
260 1132 466 1169 Scientia
498 1131 602 1175 vulgo
624 1129 718 1164 dicta
746 1128 919 1175 Media,
951 1129 1018 1164 sub
1038 1128 1159 1163 Scicn-
1187 1146 1188 1168 1
1217 1125 1478 1174 permissivam.

104 1194 157 1229 tia
200 1191 373 1238 sitnplicis
416 1189 674 1234 intelligentiae
722 1187 1056 1234 comprehenditur,
1101 1197 1158 1233 co,
1278 1185 1344 1219 24.
1367 1184 1504 1219 Prior
1523 1183 1702 1219 divisio
1723 1187 1796 1232 est,
1819 1187 1858 1220 ut
1871 1184 2048 1221 Voluntas
2068 1184 2115 1220 sit
2136 1184 2192 1220 vel
2207 1195 2273 1220 an-

103 1262 210 1297 quem
231 1249 478 1296 exposuimus,
500 1258 615 1282 sensu.
664 1247 700 1282 Si
722 1246 802 1292 quis
824 1249 945 1281 tamen
966 1245 1158 1281 Scientiam
1226 1243 1393 1278 tecedens
1430 1253 1492 1278 seu
1522 1243 1692 1290 praevia,
1728 1243 1786 1278 vel
1821 1254 2039 1290 consequens
2066 1254 2128 1279 seu
2154 1244 2273 1279 finalis

103 1310 263 1355 aliquam
286 1308 444 1343 Mediam
474 1306 559 1340 velit
588 1306 681 1340 inter
701 1305 894 1340 Scientiam
915 1304 1087 1352 simplicis
1108 1304 1159 1339 in·
1188 1308 1190 1362 J
1216 1304 1312 1349 sive,
1342 1300 1438 1347 quod
1459 1301 1555 1336 idem
1577 1304 1649 1348 est,
1681 1303 1721 1336 ut
1741 1301 1787 1337 sit
1809 1302 1867 1336 vel
1888 1302 2115 1338 inclinatoria
2137 1302 2191 1337 vel
2213 1301 2272 1338 de-

103 1367 341 1414 telligentiae,
373 1369 408 1400 ct
429 1364 621 1400 Scientiam
650 1363 819 1409 visionis,
849 1364 982 1409 poterit
1002 1367 1037 1398 et
1058 1363 1160 1398 illam
1189 1366 1191 1399 ζ
1216 1360 1388 1405 cretoria3
1416 1360 1479 1396 illa
1508 1359 1627 1395 minus
1646 1359 1766 1407 plena,
1790 1360 1875 1395 haec
1895 1361 2002 1407 plena
2016 1361 2074 1396 vel
2093 1361 2272 1397 absoluta.

103 1429 139 1461 et
153 1425 311 1462 Mediam
332 1425 439 1460 aliter
454 1423 652 1468 concipere,
671 1433 778 1468 quani
798 1424 904 1467 vulgo
921 1423 1050 1470 solent,
1067 1421 1160 1457 scili·
1218 1419 1395 1464 Equidem
1418 1419 1510 1454 solet
1531 1418 1636 1453 aliter
1658 1419 1801 1463 (prima
1824 1418 1968 1465 quidem
1989 1418 2136 1466 specie)
2155 1420 2272 1465 expli-

102 1488 161 1519 cet
195 1486 234 1519 ut
254 1483 382 1518 Media
419 1493 494 1516 non
528 1484 669 1516 tantum
706 1480 750 1516 de
786 1481 913 1516 futuris
943 1481 1009 1516 sub
1038 1480 1161 1516 condi·
1189 1485 1190 1517 1
1217 1478 1292 1513 cari
1313 1478 1398 1513 haec
1419 1477 1550 1512 divisio
1572 1488 1592 1511 a
1608 1477 1804 1523 nonnullis,
1827 1480 1866 1512 ut
1885 1478 2098 1512 antecedens
2120 1477 2186 1511 Dei
2208 1488 2270 1511 vo-

99 1544 221 1589 tione,
251 1542 314 1577 scd
343 1544 379 1576 ct
408 1540 446 1575 in
473 1540 679 1576 universum
701 1539 744 1574 de
766 1539 1000 1585 possibilibus
1021 1540 1160 1575 contin·
1189 1529 1191 1569 ἒ
1218 1537 1337 1571 luntas
1369 1535 1498 1579 (verbi
1528 1535 1666 1580 gratia,
1703 1546 1828 1569 omnes
1853 1535 2044 1579 salvandi)
2081 1534 2272 1580 praecedat

101 1602 269 1649 gentibus
298 1600 501 1647 accipiatur.
564 1599 620 1633 Ita
646 1597 800 1632 Scientia
826 1598 1000 1643 simplicis
1031 1597 1160 1632 intelli·
1189 1588 1191 1646 i
1216 1594 1564 1637 considerationem,
1593 1603 1812 1637 consequens
1833 1595 1974 1639 autem,
2000 1593 2117 1636 (verbi
2138 1594 2269 1640 gratia,

103 1663 244 1709 genti-ae
264 1659 465 1696 restrictius
486 1659 663 1703 sumetur,
688 1667 817 1702 nempe
838 1660 875 1690 ut
896 1659 979 1697 agat
1001 1655 1045 1689 de
1067 1655 1160 1688 veri·
1189 1654 1191 1689 ἒ
1217 1651 1394 1696 quosdam
1416 1646 1629 1698 damnandi)
1651 1660 1730 1684 eam
1752 1654 1932 1695 sequatur.
1990 1651 2058 1686 Sed
2079 1652 2143 1686 illa
2166 1662 2271 1696 prae-

104 1722 243 1758 tatibus
272 1718 506 1767 possibilibus
535 1718 570 1750 et
597 1715 806 1749 necessariis
817 1722 825 1758 3
856 1712 1011 1748 Scientia
1039 1711 1162 1746 Media
1218 1708 1310 1743 cedit
1344 1708 1454 1742 etiam
1489 1707 1578 1742 alias
1610 1707 1677 1742 Dei
1712 1708 1935 1754 voluntates,
1971 1709 2058 1743 haec
2092 1709 2271 1756 sequitur3

105 1780 150 1815 de
171 1778 383 1814 veritatibus
403 1773 639 1822 possibilibus
660 1776 695 1808 et
715 1771 1021 1816 contingentibus,
1043 1770 1160 1805 Scien-
1218 1777 1300 1801 cum
1329 1765 1407 1811 ipsa
1437 1766 1520 1800 sacti
1542 1768 1785 1800 creaturarum
1805 1766 2065 1812 consideratio,
2096 1777 2169 1801 non
2191 1770 2272 1802 tan-

104 1837 157 1873 tia
178 1836 328 1871 visionis
348 1834 392 1869 de
414 1832 627 1868 veritatibus
648 1830 938 1874 contingentibus
960 1832 995 1863 et
1011 1828 1160 1864 actuali·
1179 1832 1190 1877 vj
1218 1829 1295 1859 tum
1317 1834 1337 1857 a
1358 1823 1574 1868 quibusdam
1591 1823 1657 1857 Dei
1680 1824 1926 1858 voluntatibus
1946 1827 2272 1872 praesupponatur,

104 1894 184 1930 bus.
223 1894 270 1929 Et
291 1891 409 1927 media
430 1901 511 1926 cum
532 1890 650 1935 prima
670 1899 860 1924 commune
882 1887 1040 1934 habebit,
1063 1885 1161 1933 quod
1189 1912 1191 1934 ³,
1218 1882 1279 1917 sed
1317 1882 1427 1916 etiam
1462 1881 1636 1926 quasdam
1664 1880 1732 1914 Dei
1762 1881 1992 1927 voluntates,
2028 1881 2104 1917 sine
2140 1883 2273 1928 quibus

106 1953 152 1988 dc
169 1951 379 1987 veritatibus
396 1948 628 1996 possibilibus
641 1947 733 1992 agit3
757 1957 838 1982 cum
854 1948 1047 1993 postrema,
1065 1944 1162 1991 quod
1219 1943 1353 1976 factum
1375 1942 1621 1974 creaturarum
1642 1939 1797 1984 supponi
1818 1941 1965 1985 nequit,
1995 1943 2272 1987 praesupponat.

105 2011 151 2047 de
172 2008 470 2053 confingentibus
1190 2019 1193 2033 -,
1220 2000 1345 2044 Itaque
1380 1998 1577 2032 Thomas
1611 2000 1647 2032 et
1681 1997 1861 2043 Scotus,
1897 1998 2031 2043 aliique
2057 1998 2272 2034 divisionem

172 2068 233 2103 18.
257 2067 439 2102 Hactenus
458 2065 501 2099 de
522 2063 645 2099 divina
666 2061 938 2108 Magnitudine‚
964 2071 1057 2096 nunc
1078 2070 1162 2105 aga·
1192 2066 1195 2109 ζ
1220 2057 1328 2103 hanc,
1361 2067 1424 2102 eo,
1449 2067 1520 2102 quo
1543 2066 1634 2091 nunc
1655 2057 1810 2103 utimur,
1834 2066 1939 2091 sensu
1960 2059 2125 2103 sumunt,
2149 2059 2190 2092 ut
2209 2068 2272 2092 vo-

105 2137 185 2162 lnus
206 2126 317 2161 etiam
339 2124 384 2159 de
412 2122 579 2158 Divina
601 2122 830 2156 Bonitate.
882 2120 932 2155 Ut
959 2123 1079 2154 autem
1101 2120 1162 2154 Sa·
1191 2116 1193 2145 Ι
1220 2117 1337 2151 luntas
1358 2115 1571 2150 antecedens
1593 2115 1637 2149 ad
1660 2115 1802 2149 Bonum
1823 2115 1969 2160 aliquod
1991 2115 2027 2149 in
2048 2126 2104 2161 se,
2135 2119 2170 2150 et
2191 2126 2273 2161 par·
2313 2116 2315 2118 ’

104 2184 263 2231 pientia,
294 2193 355 2218 seu
377 2182 452 2216 veri
474 2180 653 2226 cognitio,
676 2182 730 2214 est
751 2178 924 2225 perfectio
946 2178 1160 2223 intellectus,
1190 2198 1192 2219 ς
1220 2175 1435 2220 ticulariter,
1460 2184 1526 2219 pro
1547 2172 1719 2218 cujusque
1741 2173 1873 2218 gradu,
1896 2173 2049 2220 feratur,
2071 2174 2166 2208 unde
2187 2174 2273 2209 haec

106 2243 157 2278 ita
179 2242 338 2287 Bonitas,
361 2251 421 2275 seu
443 2239 529 2274 boni
552 2238 740 2283 adpetitio,
764 2240 817 2271 est
839 2236 1009 2283 perfectio
1036 2237 1161 2271 volun·
1189 2274 1191 2285 ν
1219 2233 1387 2268 voluntas
1417 2236 1470 2266 est
1496 2234 1635 2266 tantum
1665 2231 1862 2265 secundum
1883 2231 1990 2276 quid3
2026 2231 2193 2266 voluntas
2213 2241 2275 2267 au-

106 2301 201 2335 tatis.
260 2300 306 2334 Et
341 2299 460 2333 omnis
496 2297 642 2342 quidem
678 2296 845 2330 voluntas
880 2295 1016 2329 bonum
1052 2294 1161 2329 habet
1189 2295 1191 2334 J
1219 2294 1291 2326 tem
1313 2300 1531 2335 consequens
1553 2292 1686 2334 spectet
1709 2289 1838 2334 totale,
1862 2293 1896 2323 et
1917 2290 2081 2323 ultimam
2103 2289 2274 2324 determi-

106 2368 174 2403 pro
195 2356 357 2402 objecto,
387 2356 515 2391 saltem
538 2355 735 2401 adparenS,
772 2356 810 2388 at
838 2352 963 2388 (lirina
993 2352 1160 2387 voluntas
1188 2350 1190 2370 ³
1218 2349 1403 2384 nationem
1424 2347 1624 2391 contincatg
1659 2347 1753 2381 unde
1788 2349 1841 2381 est
1870 2347 2038 2394 absoluta
2058 2350 2094 2381 et
2115 2347 2274 2381 decreto-

108 2425 181 2449 non
203 2415 270 2448 nisi
291 2414 426 2450 bonum
449 2413 557 2447 simul
578 2416 613 2447 et
636 2422 769 2448 verum.
1217 2407 1290 2451 ria,
1325 2408 1362 2440 et
1382 2415 1463 2440 cum
1485 2405 1528 2439 de
1549 2404 1672 2438 divina
1694 2414 1812 2438 sermo
1834 2406 1904 2448 est,
1945 2414 2087 2449 semper
2107 2405 2275 2439 eflectum

174 2472 236 2506 19.
265 2473 510 2517 Spectabinius
537 2481 623 2515 ergo
653 2474 686 2505 et
710 2469 966 2513 Voluntatem,
998 2470 1033 2502 et
1062 2465 1161 2509 obje-
1218 2464 1365 2511 plenum
1401 2462 1552 2497 obtinet.
1613 2462 1820 2506 Caeterum,
1857 2460 1887 2494 si
1923 2461 2003 2506 quis
2030 2464 2190 2496 nostram
2211 2473 2274 2496 ex-

111 2532 206 2564 ctum
228 2529 312 2574 ejus,
338 2541 466 2576 nempe
488 2530 628 2564 Bonum
644 2532 680 2563 et
696 2528 846 2567 Malum,
868 2525 963 2571 quod
980 2525 1161 2560 rationem
1190 2517 1191 2565 Ῑ
1219 2522 1450 2568 plicationcm
1471 2520 1584 2565 nolit,
1616 2530 1698 2554 cum
1726 2529 1769 2553 eo
1792 2519 1836 2553 de
1857 2519 2041 2553 vocabulis
2062 2530 2133 2553 non
2155 2520 2273 2564 litiga·

111 2587 260 2633 praebet
281 2587 423 2622 volendi
444 2591 478 2622 et
500 2586 657 2622 nolendi.
698 2586 738 2620 In
760 2585 1017 2620 Voluntate
1039 2586 1161 2618 autem
1220 2580 1355 2615 bimus:
1385 2590 1451 2625 pro
1480 2577 1713 2612 antecedente
1740 2580 1775 2611 et
1804 2581 2043 2623 consequente
2063 2577 2273 2626 substituat,

112 2644 352 2690 spectabimus
374 2648 408 2679 et
430 2649 595 2680 naturam
616 2644 692 2687 ejus
713 2647 748 2678 et
770 2642 913 2689 species.
1190 2654 1192 2683 2,
1219 2639 1248 2673 si
1270 2638 1385 2683 volet,
1410 2635 1593 2682 praeviam
1615 2638 1649 2669 et
1670 2634 1822 2669 finalem.

184 2702 250 2737 20.
288 2701 344 2735 Ad
366 2702 568 2737 Voluntatis
609 2706 824 2736 naturam
865 2698 1060 2744 requiritur
1094 2697 1161 2732 Li·
1189 2702 1191 2723 1
1281 2689 1346 2729 25.
1371 2695 1602 2729 Voluntas
1631 2691 1914 2727 antecedens
1935 2691 2084 2726 omnino
2106 2692 2198 2727 seria
2220 2694 2274 2727 est

114 2760 285 2805 bertas,
325 2769 413 2803 quae
441 2760 605 2794 consistit
634 2760 669 2794 in
688 2771 751 2805 eo,
781 2761 821 2793 ut
842 2758 936 2792 actio
959 2755 1162 2791 voluntaria
1189 2734 1193 2770 i
1219 2756 1254 2789 et
1275 2764 1377 2799 pura,
1401 2763 1473 2786 non
1493 2750 1746 2785 confundenda
1765 2760 1845 2784 cum
1870 2750 2067 2796 velleitate,
2092 2749 2174 2795 (ubi
2195 2749 2275 2795 quis

113 2818 160 2853 sit
180 2819 378 2864 spontanea
399 2826 441 2850 ac
461 2817 674 2862 deliberata,
710 2820 817 2862 atque
837 2816 945 2860 adeo,
983 2817 1023 2849 ut
1044 2814 1164 2849 exclu-
1190 2797 1193 2814 Δ
1224 2811 1350 2856 vellet,
1384 2811 1413 2844 si
1434 2811 1574 2855 posset,
1612 2809 1790 2853 velletque
1810 2803 1942 2855 posse)
1980 2817 2071 2852 quae
2099 2808 2136 2842 in
2157 2807 2274 2841 Deum

115 2876 179 2911 dat
199 2874 466 2918 necessitatem,
488 2884 578 2918 quae
599 2875 896 2909 deliberationem
920 2872 1026 2906 tollit.
1192 2861 1195 2886 ³
1224 2880 1296 2904 non
1315 2868 1433 2911 cadit3
1457 2878 1521 2901 nec
1541 2876 1622 2900 cum
1646 2867 1829 2900 voluntate
1849 2864 2106 2910 conditionali,
2137 2863 2182 2898 <le
2203 2874 2274 2908 qua

176 2933 243 2968 21.
280 2931 544 2967 Necessitas
584 2933 787 2967 excluditur
828 2928 1165 2975 Metaphysica,
1224 2927 1279 2962 hic
1304 2937 1375 2961 non
1397 2925 1525 2969 agitur.
1584 2923 1715 2958 Tendit
1735 2927 1855 2958 autem
1877 2923 2041 2957 voluntas
2062 2920 2273 2955 antecedens

115 2990 218 3035 cujus
239 2989 445 3037 oppositum
465 2990 517 3021 cst
538 2988 780 3035 impossibile,
810 3000 870 3023 seu
900 2986 1063 3032 implicat
1082 2995 1164 3019 con-
1223 2984 1260 3019 in
1283 2985 1360 3018 Deo
1381 2984 1426 3018 ad
1447 2981 1711 3028 procurandum
1740 2991 1846 3015 omne
1874 2980 2029 3022 bonum,
2068 2980 2104 3011 et
2137 2978 2184 3012 ad
2219 2990 2273 3013 re·

115 3048 390 3090 tradictionmn3
420 3044 573 3080 sednon
595 3045 806 3092 Moralis,
836 3046 937 3089 cujus
957 3044 1165 3090 oppositum
1224 3042 1430 3088 pellendum
1461 3050 1568 3074 omne
1597 3039 1752 3084 malum,
1791 3041 1966 3083 quatenus
1994 3035 2079 3069 talia
2099 3038 2199 3080 sunt,
2236 3039 2273 3071 et

117 3109 173 3140 est
198 3104 463 3141 inconveniens.
523 3102 601 3136 Etsi
629 3103 724 3136 enim
746 3105 842 3138 Deus
872 3113 944 3138 non
973 3101 1086 3147 possit
1113 3111 1165 3134 er·
1224 3100 1455 3145 proportione
1476 3097 1618 3143 gradus,
1640 3106 1711 3141 quo
1733 3096 1828 3130 bona
1850 3094 1989 3128 malave
2010 3095 2104 3127 sunt.
2154 3093 2272 3133 Quam

117 3174 199 3198 rare
219 3164 257 3199 in
278 3161 462 3208 eligendo,
490 3160 651 3204 adeoque
679 3161 785 3204 eligat
801 3171 960 3207 semper,
988 3158 1086 3204 quod
1115 3160 1168 3191 est
1224 3157 1316 3192 seria
1338 3159 1459 3191 autem
1481 3155 1567 3188 hacc
1589 3154 1754 3188 voluntas
1776 3152 1833 3196 sit,
1855 3151 1950 3184 Deus
1971 3150 2048 3195 ipse
2064 3149 2270 3196 declaravit,

118 3220 278 3255 maxime
304 3221 539 3262 convenien53
574 3217 639 3251 hoc
661 3218 777 3250 tamen
800 3218 876 3259 ejus
898 3216 1055 3251 libertati
1077 3215 1167 3250 adeo
1222 3225 1303 3249 cum
1320 3217 1421 3248 tanta
1437 3210 1709 3247 adseveratione
1724 3207 1829 3251 dixit,
1851 3218 1888 3240 se
1904 3207 2001 3241 nolle
2021 3210 2176 3243 mortem
2191 3218 2271 3255 pec*

119 3286 191 3313 non
207 3277 339 3324 obstat,
358 3281 397 3313 ut
412 3287 492 3312 eam
507 3274 627 3322 potius
643 3273 803 3308 maxime
819 3275 1012 3318 pei-sectam
1028 3272 1165 3309 reddat.
1222 3272 1377 3317 catoris,
1399 3270 1490 3305 velle
1511 3277 1636 3304 omnes
1656 3266 1793 3310 salvos,
1815 3264 1932 3299 odisse
1953 3267 2148 3310 peccatum.
