<?xml version="1.0" encoding="UTF-8"?>
<!DOCTYPE html PUBLIC "-//W3C//DTD XHTML 1.0 Transitional//EN"
    "http://www.w3.org/TR/xhtml1/DTD/xhtml1-transitional.dtd">
<html xmlns="http://www.w3.org/1999/xhtml" xml:lang="en" lang="en">
 <head>
  <title>
</title>
<meta http-equiv="Content-Type" content="text/html;charset=utf-8" />
  <meta name='ocr-system' content='tesseract 3.04.00' />
  <meta name='ocr-capabilities' content='ocr_page ocr_carea ocr_par ocr_line ocrx_word'/>
</head>
<body>
  <div class='ocr_page' id='page_1' title='image "./operaphilosophic00leibuoft_0715.png"; bbox 0 0 2361 3643; ppageno 0'>
   <div class='ocr_carea' id='block_1_1' title="bbox 492 133 1836 185">
    <p class='ocr_par' dir='ltr' id='par_1_1' title="bbox 492 133 1836 185">
     <span class='ocr_line' id='line_1_1' title="bbox 492 133 1836 185; baseline 0.002 -3"><span class='ocrx_word' id='word_1_1' title='bbox 492 146 664 184; x_wconf 79' lang='lat' dir='ltr'>LXXIV.</span> <span class='ocrx_word' id='word_1_2' title='bbox 725 147 804 183; x_wconf 90' lang='lat' dir='ltr'>AD.</span> <span class='ocrx_word' id='word_1_3' title='bbox 828 147 867 184; x_wconf 89' lang='lat' dir='ltr'>P.</span> <span class='ocrx_word' id='word_1_4' title='bbox 899 146 988 182; x_wconf 74' lang='lat' dir='ltr'>DES</span> <span class='ocrx_word' id='word_1_5' title='bbox 1027 133 1192 182; x_wconf 52' lang='lat' dir='ltr'>BAESES</span> <span class='ocrx_word' id='word_1_6' title='bbox 1223 144 1501 183; x_wconf 76' lang='lat' dir='ltr'>EPISTOLAE.</span> <span class='ocrx_word' id='word_1_7' title='bbox 1534 146 1637 183; x_wconf 89' lang='lat' dir='ltr'>XVI.</span> <span class='ocrx_word' id='word_1_8' title='bbox 1659 149 1696 182; x_wconf 89' lang='lat' dir='ltr'>et</span> <span class='ocrx_word' id='word_1_9' title='bbox 1717 147 1836 185; x_wconf 87' lang='lat' dir='ltr'>XVH.</span> 
     </span>
    </p>
   </div>
   <div class='ocr_carea' id='block_1_2' title="bbox 60 240 1111 578">
    <p class='ocr_par' dir='ltr' id='par_1_2' title="bbox 61 240 1111 403">
     <span class='ocr_line' id='line_1_2' title="bbox 65 240 699 286; baseline -0.006 -6"><span class='ocrx_word' id='word_1_10' title='bbox 65 245 139 281; x_wconf 86' lang='lat' dir='ltr'>riae</span> <span class='ocrx_word' id='word_1_11' title='bbox 157 240 289 277; x_wconf 88' lang='lat' dir='ltr'>actuali</span> <span class='ocrx_word' id='word_1_12' title='bbox 319 240 357 275; x_wconf 93' lang='lat' dir='ltr'>in</span> <span class='ocrx_word' id='word_1_13' title='bbox 386 243 507 286; x_wconf 88' lang='lat' dir='ltr'>partes</span> <span class='ocrx_word' id='word_1_14' title='bbox 529 240 699 276; x_wconf 85' lang='lat' dir='ltr'>infinitas.</span> 
     </span>
     <span class='ocr_line' id='line_1_3' title="bbox 62 299 1111 345; baseline -0.004 -9"><span class='ocrx_word' id='word_1_15' title='bbox 62 300 308 345; x_wconf 83' lang='lat' dir='ltr'><strong>consequitur,</strong></span> <span class='ocrx_word' id='word_1_16' title='bbox 338 308 467 344; x_wconf 82' lang='lat' dir='ltr'>nempe</span> <span class='ocrx_word' id='word_1_17' title='bbox 489 309 535 332; x_wconf 84' lang='lat' dir='ltr'>ex</span> <span class='ocrx_word' id='word_1_18' title='bbox 556 302 686 334; x_wconf 82' lang='lat' dir='ltr'>natura</span> <span class='ocrx_word' id='word_1_19' title='bbox 706 302 826 334; x_wconf 91' lang='lat' dir='ltr'>motus</span> <span class='ocrx_word' id='word_1_20' title='bbox 847 299 1053 344; x_wconf 86' lang='lat' dir='ltr'>fluidorum,</span> <span class='ocrx_word' id='word_1_21' title='bbox 1075 301 1111 332; x_wconf 89' lang='lat' dir='ltr'>et</span> 
     </span>
     <span class='ocr_line' id='line_1_4' title="bbox 61 356 1108 403; baseline -0.003 -10"><span class='ocrx_word' id='word_1_22' title='bbox 61 369 107 393; x_wconf 84' lang='lat' dir='ltr'>ex</span> <span class='ocrx_word' id='word_1_23' title='bbox 127 368 170 392; x_wconf 90' lang='lat' dir='ltr'>eo</span> <span class='ocrx_word' id='word_1_24' title='bbox 190 357 285 403; x_wconf 90' lang='lat' dir='ltr'>quod</span> <span class='ocrx_word' id='word_1_25' title='bbox 302 368 453 403; x_wconf 88' lang='lat' dir='ltr'>corpora</span> <span class='ocrx_word' id='word_1_26' title='bbox 472 358 594 391; x_wconf 82' lang='lat' dir='ltr'>onmia</span> <span class='ocrx_word' id='word_1_27' title='bbox 611 368 738 403; x_wconf 89' lang='lat' dir='ltr'>parum</span> <span class='ocrx_word' id='word_1_28' title='bbox 757 357 890 392; x_wconf 87' lang='lat' dir='ltr'>habent</span> <span class='ocrx_word' id='word_1_29' title='bbox 907 356 1108 392; x_wconf 86' lang='lat' dir='ltr'>fluiditatis.</span> 
     </span>
    </p>

    <p class='ocr_par' dir='ltr' id='par_1_3' title="bbox 60 413 1111 578">
     <span class='ocr_line' id='line_1_5' title="bbox 118 413 1109 461; baseline -0.003 -10"><span class='ocrx_word' id='word_1_30' title='bbox 118 415 563 461; x_wconf 85' lang='lat' dir='ltr'>Incomprehensibilitatis</span> <span class='ocrx_word' id='word_1_31' title='bbox 608 415 823 450; x_wconf 89' lang='lat' dir='ltr'>attributum</span> <span class='ocrx_word' id='word_1_32' title='bbox 868 415 1007 450; x_wconf 90' lang='lat' dir='ltr'>utinam</span> <span class='ocrx_word' id='word_1_33' title='bbox 1042 413 1109 449; x_wconf 91' lang='lat' dir='ltr'>soli</span> 
     </span>
     <span class='ocr_line' id='line_1_6' title="bbox 60 472 1110 520; baseline -0.003 -11"><span class='ocrx_word' id='word_1_34' title='bbox 60 474 138 509; x_wconf 88' lang='lat' dir='ltr'>Deo</span> <span class='ocrx_word' id='word_1_35' title='bbox 175 473 361 520; x_wconf 87' lang='lat' dir='ltr'>proprium</span> <span class='ocrx_word' id='word_1_36' title='bbox 397 474 503 508; x_wconf 87' lang='lat' dir='ltr'>esset!</span> <span class='ocrx_word' id='word_1_37' title='bbox 538 472 656 516; x_wconf 90' lang='lat' dir='ltr'>major</span> <span class='ocrx_word' id='word_1_38' title='bbox 682 473 788 507; x_wconf 90' lang='lat' dir='ltr'>nobis</span> <span class='ocrx_word' id='word_1_39' title='bbox 818 485 897 519; x_wconf 87' lang='lat' dir='ltr'>spes</span> <span class='ocrx_word' id='word_1_40' title='bbox 926 476 1018 508; x_wconf 89' lang='lat' dir='ltr'>esset</span> <span class='ocrx_word' id='word_1_41' title='bbox 1045 482 1110 507; x_wconf 93' lang='lat' dir='ltr'>no-</span> 
     </span>
     <span class='ocr_line' id='line_1_7' title="bbox 60 530 1111 578; baseline -0.002 -12"><span class='ocrx_word' id='word_1_42' title='bbox 60 531 212 567; x_wconf 87' lang='lat' dir='ltr'>scendae</span> <span class='ocrx_word' id='word_1_43' title='bbox 233 534 402 578; x_wconf 67' lang='lat' dir='ltr'>naturae,</span> <span class='ocrx_word' id='word_1_44' title='bbox 431 531 493 566; x_wconf 90' lang='lat' dir='ltr'>sed</span> <span class='ocrx_word' id='word_1_45' title='bbox 522 530 629 566; x_wconf 89' lang='lat' dir='ltr'>nimis</span> <span class='ocrx_word' id='word_1_46' title='bbox 659 542 782 566; x_wconf 77' lang='lat' dir='ltr'>verum</span> <span class='ocrx_word' id='word_1_47' title='bbox 804 536 857 566; x_wconf 83' lang='lat' dir='ltr'>est</span> <span class='ocrx_word' id='word_1_48' title='bbox 878 532 1012 566; x_wconf 89' lang='lat' dir='ltr'>nullam</span> <span class='ocrx_word' id='word_1_49' title='bbox 1035 540 1111 565; x_wconf 88' lang='lat' dir='ltr'>esse</span> 
     </span>
    </p>
   </div>
   <div class='ocr_carea' id='block_1_3' title="bbox 760 239 1141 279">
    <p class='ocr_par' dir='ltr' id='par_1_4' title="bbox 760 239 1141 279">
     <span class='ocr_line' id='line_1_8' title="bbox 760 239 1141 279; baseline 0 -5"><span class='ocrx_word' id='word_1_50' title='bbox 760 239 829 275; x_wconf 90' lang='lat' dir='ltr'>Sed</span> <span class='ocrx_word' id='word_1_51' title='bbox 852 240 948 275; x_wconf 88' lang='lat' dir='ltr'>idem</span> <span class='ocrx_word' id='word_1_52' title='bbox 968 239 1112 275; x_wconf 84' lang='lat' dir='ltr'>aliunde</span> <span class='ocrx_word' id='word_1_53' title='bbox 1139 251 1141 279; x_wconf 69' lang='grc' dir='ltr'><strong>ς</strong></span> 
     </span>
    </p>
   </div>
   <div class='ocr_carea' id='block_1_4' title="bbox 1138 282 1141 436">
    <p class='ocr_par' dir='ltr' id='par_1_5' title="bbox 1138 282 1141 436">
     <span class='ocr_line' id='line_1_9' title="bbox 1138 282 1141 351; baseline 0 0"><span class='ocrx_word' id='word_1_54' title='bbox 1138 282 1141 351; x_wconf 77' lang='lat' dir='ltr'>l</span> 
     </span>
     <span class='ocr_line' id='line_1_10' title="bbox 1139 352 1141 436; baseline 0 0"><span class='ocrx_word' id='word_1_55' title='bbox 1139 352 1141 436; x_wconf 78' lang='grc'>1</span> 
     </span>
    </p>
   </div>
   <div class='ocr_carea' id='block_1_5' title="bbox 1137 442 1141 481">
    <p class='ocr_par' dir='ltr' id='par_1_6' title="bbox 1137 442 1141 481">
     <span class='ocr_line' id='line_1_11' title="bbox 1137 442 1141 481; baseline 0 0"><span class='ocrx_word' id='word_1_56' title='bbox 1137 442 1141 481; x_wconf 66' lang='lat' dir='ltr'>l</span> 
     </span>
    </p>
   </div>
   <div class='ocr_carea' id='block_1_6' title="bbox 1461 149 2219 277">
    <p class='ocr_par' dir='ltr' id='par_1_7' title="bbox 1461 149 2219 277">
     <span class='ocr_line' id='line_1_12' title="bbox 2136 149 2219 190; baseline 0.048 -4"><span class='ocrx_word' id='word_1_57' title='bbox 2136 149 2219 190; x_wconf 74' lang='lat'>1367</span> 
     </span>
     <span class='ocr_line' id='line_1_13' title="bbox 1461 239 1930 277; baseline 0.004 -3"><span class='ocrx_word' id='word_1_58' title='bbox 1461 239 1491 274; x_wconf 85' lang='lat' dir='ltr'>E</span> <span class='ocrx_word' id='word_1_59' title='bbox 1504 239 1750 276; x_wconf 89' lang='lat' dir='ltr'>PlSTOLA</span> <span class='ocrx_word' id='word_1_60' title='bbox 1809 241 1930 277; x_wconf 88' lang='lat' dir='ltr'>XVII.</span> 
     </span>
    </p>
   </div>
   <div class='ocr_carea' id='block_1_7' title="bbox 1226 318 2160 368">
    <p class='ocr_par' dir='ltr' id='par_1_8' title="bbox 1226 318 2160 368">
     <span class='ocr_line' id='line_1_14' title="bbox 1226 318 2160 368; baseline 0.007 -15"><span class='ocrx_word' id='word_1_61' title='bbox 1226 318 1540 355; x_wconf 86' lang='lat' dir='ltr'>Reverendissime</span> <span class='ocrx_word' id='word_1_62' title='bbox 1569 323 1690 368; x_wconf 87' lang='lat' dir='ltr'>pater,</span> <span class='ocrx_word' id='word_1_63' title='bbox 1722 322 1842 357; x_wconf 82' lang='lat' dir='ltr'><strong>fautor</strong></span> <span class='ocrx_word' id='word_1_64' title='bbox 1872 323 2160 360; x_wconf 81' lang='lat' dir='ltr'><strong>honoratissime.</strong></span> 
     </span>
    </p>
   </div>
   <div class='ocr_carea' id='block_1_8' title="bbox 1168 412 2217 522">
    <p class='ocr_par' dir='ltr' id='par_1_9' title="bbox 1168 412 2217 522">
     <span class='ocr_line' id='line_1_15' title="bbox 1228 412 2216 460; baseline 0.007 -14"><span class='ocrx_word' id='word_1_65' title='bbox 1228 412 1374 447; x_wconf 81' lang='lat' dir='ltr'>Gratias</span> <span class='ocrx_word' id='word_1_66' title='bbox 1419 422 1487 457; x_wconf 82' lang='lat' dir='ltr'>ago</span> <span class='ocrx_word' id='word_1_67' title='bbox 1532 413 1733 459; x_wconf 73' lang='lat' dir='ltr'>maximas,</span> <span class='ocrx_word' id='word_1_68' title='bbox 1778 414 1874 460; x_wconf 89' lang='lat' dir='ltr'>quod</span> <span class='ocrx_word' id='word_1_69' title='bbox 1908 416 2039 451; x_wconf 90' lang='lat' dir='ltr'>curasti</span> <span class='ocrx_word' id='word_1_70' title='bbox 2075 417 2216 453; x_wconf 83' lang='lat' dir='ltr'>litteras</span> 
     </span>
     <span class='ocr_line' id='line_1_16' title="bbox 1168 470 2217 522; baseline 0.008 -19"><span class='ocrx_word' id='word_1_71' title='bbox 1168 479 1286 515; x_wconf 89' lang='lat' dir='ltr'>meas,</span> <span class='ocrx_word' id='word_1_72' title='bbox 1316 470 1414 515; x_wconf 91' lang='lat' dir='ltr'>quod</span> <span class='ocrx_word' id='word_1_73' title='bbox 1442 470 1640 517; x_wconf 88' lang='lat' dir='ltr'>Epistolam</span> <span class='ocrx_word' id='word_1_74' title='bbox 1669 475 1809 507; x_wconf 82' lang='lat' dir='ltr'>sextam</span> <span class='ocrx_word' id='word_1_75' title='bbox 1838 474 1983 509; x_wconf 91' lang='lat' dir='ltr'>Lamii</span> <span class='ocrx_word' id='word_1_76' title='bbox 2013 475 2109 522; x_wconf 87' lang='lat' dir='ltr'>apud</span> <span class='ocrx_word' id='word_1_77' title='bbox 2137 476 2217 511; x_wconf 89' lang='lat' dir='ltr'>Tri-</span> 
     </span>
    </p>
   </div>
   <div class='ocr_carea' id='block_1_9' title="bbox 1140 527 2216 580">
    <p class='ocr_par' dir='ltr' id='par_1_10' title="bbox 1140 527 2216 580">
     <span class='ocr_line' id='line_1_17' title="bbox 1140 527 2216 580; baseline 0.009 -20"><span class='ocrx_word' id='word_1_78' title='bbox 1140 531 1141 535; x_wconf 77' lang='grc'>’</span> <span class='ocrx_word' id='word_1_79' title='bbox 1169 528 1364 562; x_wconf 77' lang='lat' dir='ltr'>vultienses</span> <span class='ocrx_word' id='word_1_80' title='bbox 1395 527 1528 563; x_wconf 89' lang='lat' dir='ltr'>editam</span> <span class='ocrx_word' id='word_1_81' title='bbox 1551 539 1690 564; x_wconf 88' lang='lat' dir='ltr'>mecum</span> <span class='ocrx_word' id='word_1_82' title='bbox 1710 532 1973 578; x_wconf 84' lang='lat' dir='ltr'>connnunicas,</span> <span class='ocrx_word' id='word_1_83' title='bbox 2002 534 2098 579; x_wconf 89' lang='lat' dir='ltr'>quod</span> <span class='ocrx_word' id='word_1_84' title='bbox 2119 545 2216 580; x_wconf 79' lang='lat' dir='ltr'>egre-</span> 
     </span>
    </p>
   </div>
   <div class='ocr_carea' id='block_1_10' title="bbox 1137 573 1140 590">
    <p class='ocr_par' dir='ltr' id='par_1_11' title="bbox 1137 573 1140 590">
     <span class='ocr_line' id='line_1_18' title="bbox 1137 573 1140 590; baseline 0 0"><span class='ocrx_word' id='word_1_85' title='bbox 1137 573 1140 590; x_wconf 82' lang='grc'>1</span> 
     </span>
    </p>
   </div>
   <div class='ocr_carea' id='block_1_11' title="bbox 58 589 1139 648">
    <p class='ocr_par' dir='ltr' id='par_1_12' title="bbox 58 589 1139 648">
     <span class='ocr_line' id='line_1_19' title="bbox 58 589 1139 648; baseline -0.001 -24"><span class='ocrx_word' id='word_1_86' title='bbox 58 593 198 636; x_wconf 87' lang='lat' dir='ltr'>partem</span> <span class='ocrx_word' id='word_1_87' title='bbox 225 594 390 635; x_wconf 86' lang='lat' dir='ltr'>naturae,</span> <span class='ocrx_word' id='word_1_88' title='bbox 419 600 512 634; x_wconf 90' lang='lat' dir='ltr'>quae</span> <span class='ocrx_word' id='word_1_89' title='bbox 533 589 687 648; x_wconf 67' lang='lat' dir='ltr'>perfecte</span> <span class='ocrx_word' id='word_1_90' title='bbox 708 589 963 635; x_wconf 78' lang='lat' dir='ltr'>comprehendi</span> <span class='ocrx_word' id='word_1_91' title='bbox 986 589 1110 635; x_wconf 89' lang='lat' dir='ltr'>possit,</span> <span class='ocrx_word' id='word_1_92' title='bbox 1138 613 1139 618; x_wconf 65' lang='lat'>,</span> 
     </span>
    </p>
   </div>
   <div class='ocr_carea' id='block_1_12' title="bbox 58 648 1110 693">
    <p class='ocr_par' dir='ltr' id='par_1_13' title="bbox 58 648 1110 693">
     <span class='ocr_line' id='line_1_20' title="bbox 58 648 1110 693; baseline -0.001 -11"><span class='ocrx_word' id='word_1_93' title='bbox 58 648 164 693; x_wconf 88' lang='lat' dir='ltr'>idque</span> <span class='ocrx_word' id='word_1_94' title='bbox 186 649 262 693; x_wconf 89' lang='lat' dir='ltr'>ipsa</span> <span class='ocrx_word' id='word_1_95' title='bbox 282 658 404 682; x_wconf 87' lang='lat' dir='ltr'>rerum</span> <span class='ocrx_word' id='word_1_96' title='bbox 425 656 698 690; x_wconf 66' lang='grc' dir='ltr'>πεφιχωρησις</span> <span class='ocrx_word' id='word_1_97' title='bbox 720 648 860 692; x_wconf 87' lang='lat' dir='ltr'>probat.</span> <span class='ocrx_word' id='word_1_98' title='bbox 920 648 1027 682; x_wconf 79' lang='lat' dir='ltr'>Nulla</span> <span class='ocrx_word' id='word_1_99' title='bbox 1048 657 1110 681; x_wconf 85' lang='lat' dir='ltr'>na-</span> 
     </span>
    </p>
   </div>
   <div class='ocr_carea' id='block_1_13' title="bbox 57 694 1137 811">
    <p class='ocr_par' dir='ltr' id='par_1_14' title="bbox 57 694 1137 811">
     <span class='ocr_line' id='line_1_21' title="bbox 59 694 1137 756; baseline -0.001 -16"><span class='ocrx_word' id='word_1_100' title='bbox 59 710 141 740; x_wconf 87' lang='lat' dir='ltr'>tura</span> <span class='ocrx_word' id='word_1_101' title='bbox 175 705 406 751; x_wconf 78' lang='lat' dir='ltr'>quantumvis</span> <span class='ocrx_word' id='word_1_102' title='bbox 442 704 596 749; x_wconf 89' lang='lat' dir='ltr'>nobilis,</span> <span class='ocrx_word' id='word_1_103' title='bbox 633 704 773 739; x_wconf 74' lang='lat' dir='ltr'>infinita</span> <span class='ocrx_word' id='word_1_104' title='bbox 810 706 916 740; x_wconf 92' lang='lat' dir='ltr'>simul</span> <span class='ocrx_word' id='word_1_105' title='bbox 946 694 1137 756; x_wconf 44' lang='lat' dir='ltr'>distincte.¹</span> 
     </span>
     <span class='ocr_line' id='line_1_22' title="bbox 57 761 1135 811; baseline -0.001 -14"><span class='ocrx_word' id='word_1_106' title='bbox 57 764 259 810; x_wconf 78' lang='lat' dir='ltr'>percipere,</span> <span class='ocrx_word' id='word_1_107' title='bbox 306 774 369 797; x_wconf 90' lang='lat' dir='ltr'>seu</span> <span class='ocrx_word' id='word_1_108' title='bbox 403 761 705 808; x_wconf 68' lang='lat' dir='ltr'>comprehendere</span> <span class='ocrx_word' id='word_1_109' title='bbox 739 766 878 808; x_wconf 79' lang='lat' dir='ltr'>potest3</span> <span class='ocrx_word' id='word_1_110' title='bbox 919 763 1004 808; x_wconf 88' lang='lat' dir='ltr'>quin</span> <span class='ocrx_word' id='word_1_111' title='bbox 1034 763 1135 811; x_wconf 48' lang='grc' dir='ltr'>11110Ξ</span> 
     </span>
    </p>
   </div>
   <div class='ocr_carea' id='block_1_14' title="bbox 52 820 1108 1095">
    <p class='ocr_par' dir='ltr' id='par_1_15' title="bbox 52 820 1108 1095">
     <span class='ocr_line' id='line_1_23' title="bbox 57 820 1107 867; baseline -0.001 -12"><span class='ocrx_word' id='word_1_112' title='bbox 57 821 120 866; x_wconf 87' lang='lat' dir='ltr'>qui</span> <span class='ocrx_word' id='word_1_113' title='bbox 156 821 212 855; x_wconf 81' lang='lat' dir='ltr'>vel</span> <span class='ocrx_word' id='word_1_114' title='bbox 248 829 356 854; x_wconf 90' lang='lat' dir='ltr'>unam</span> <span class='ocrx_word' id='word_1_115' title='bbox 391 823 534 866; x_wconf 87' lang='lat' dir='ltr'>partem</span> <span class='ocrx_word' id='word_1_116' title='bbox 570 820 743 855; x_wconf 89' lang='lat' dir='ltr'>materiae</span> <span class='ocrx_word' id='word_1_117' title='bbox 778 820 1107 867; x_wconf 79' lang='lat' dir='ltr'>comprehenderet,</span> 
     </span>
     <span class='ocr_line' id='line_1_24' title="bbox 55 877 1108 923; baseline 0 -10"><span class='ocrx_word' id='word_1_118' title='bbox 55 879 152 913; x_wconf 90' lang='lat' dir='ltr'>idem</span> <span class='ocrx_word' id='word_1_119' title='bbox 188 877 505 923; x_wconf 86' lang='lat' dir='ltr'>comprehenderet</span> <span class='ocrx_word' id='word_1_120' title='bbox 541 880 658 912; x_wconf 91' lang='lat' dir='ltr'>totum</span> <span class='ocrx_word' id='word_1_121' title='bbox 691 878 906 914; x_wconf 81' lang='lat' dir='ltr'>Universum</span> <span class='ocrx_word' id='word_1_122' title='bbox 943 878 990 913; x_wconf 94' lang='lat' dir='ltr'>ob</span> <span class='ocrx_word' id='word_1_123' title='bbox 1026 889 1108 913; x_wconf 90' lang='lat' dir='ltr'>ean-</span> 
     </span>
     <span class='ocr_line' id='line_1_25' title="bbox 58 924 1107 983; baseline 0.001 -14"><span class='ocrx_word' id='word_1_124' title='bbox 58 936 141 970; x_wconf 88' lang='lat' dir='ltr'>dem</span> <span class='ocrx_word' id='word_1_125' title='bbox 162 924 444 979; x_wconf 69' lang='grc' dir='ltr'>περιχώφησιν</span> <span class='ocrx_word' id='word_1_126' title='bbox 465 946 574 981; x_wconf 89' lang='lat' dir='ltr'>quam</span> <span class='ocrx_word' id='word_1_127' title='bbox 595 935 683 970; x_wconf 79' lang='lat' dir='ltr'>dixi.</span> <span class='ocrx_word' id='word_1_128' title='bbox 715 935 801 970; x_wconf 83' lang='lat' dir='ltr'>Mea</span> <span class='ocrx_word' id='word_1_129' title='bbox 822 937 999 983; x_wconf 89' lang='lat' dir='ltr'>principia</span> <span class='ocrx_word' id='word_1_130' title='bbox 1021 936 1107 972; x_wconf 87' lang='lat' dir='ltr'>talia</span> 
     </span>
     <span class='ocr_line' id='line_1_26' title="bbox 54 993 1105 1041; baseline 0 -13"><span class='ocrx_word' id='word_1_131' title='bbox 54 996 157 1039; x_wconf 88' lang='lat' dir='ltr'>sunt,</span> <span class='ocrx_word' id='word_1_132' title='bbox 195 996 234 1028; x_wconf 89' lang='lat' dir='ltr'>ut</span> <span class='ocrx_word' id='word_1_133' title='bbox 269 993 334 1027; x_wconf 79' lang='lat' dir='ltr'>vix</span> <span class='ocrx_word' id='word_1_134' title='bbox 368 1004 389 1027; x_wconf 89' lang='lat' dir='ltr'>a</span> <span class='ocrx_word' id='word_1_135' title='bbox 418 1004 454 1027; x_wconf 90' lang='lat' dir='ltr'>se</span> <span class='ocrx_word' id='word_1_136' title='bbox 488 993 645 1028; x_wconf 82' lang='lat' dir='ltr'>invicem</span> <span class='ocrx_word' id='word_1_137' title='bbox 675 993 796 1029; x_wconf 87' lang='lat' dir='ltr'>divelli</span> <span class='ocrx_word' id='word_1_138' title='bbox 826 995 973 1041; x_wconf 87' lang='lat' dir='ltr'>possint.</span> <span class='ocrx_word' id='word_1_139' title='bbox 1035 993 1105 1035; x_wconf 85' lang='lat' dir='ltr'>Qui</span> 
     </span>
     <span class='ocr_line' id='line_1_27' title="bbox 52 1050 698 1095; baseline 0 -9"><span class='ocrx_word' id='word_1_140' title='bbox 52 1062 165 1086; x_wconf 90' lang='lat' dir='ltr'>unum</span> <span class='ocrx_word' id='word_1_141' title='bbox 187 1050 278 1085; x_wconf 86' lang='lat' dir='ltr'>bene</span> <span class='ocrx_word' id='word_1_142' title='bbox 298 1051 418 1095; x_wconf 85' lang='lat' dir='ltr'>novit,</span> <span class='ocrx_word' id='word_1_143' title='bbox 442 1051 565 1086; x_wconf 83' lang='lat' dir='ltr'>onmia</span> <span class='ocrx_word' id='word_1_144' title='bbox 587 1052 698 1087; x_wconf 87' lang='lat' dir='ltr'>novit.</span> 
     </span>
    </p>
   </div>
   <div class='ocr_carea' id='block_1_15' title="bbox 112 1108 1137 1158">
    <p class='ocr_par' dir='ltr' id='par_1_16' title="bbox 112 1108 1137 1158">
     <span class='ocr_line' id='line_1_28' title="bbox 112 1108 1137 1158; baseline 0.002 -15"><span class='ocrx_word' id='word_1_145' title='bbox 112 1109 294 1150; x_wconf 85' lang='lat' dir='ltr'>Quasdam</span> <span class='ocrx_word' id='word_1_146' title='bbox 315 1108 536 1152; x_wconf 86' lang='lat' dir='ltr'>objectiones</span> <span class='ocrx_word' id='word_1_147' title='bbox 563 1109 645 1144; x_wconf 90' lang='lat' dir='ltr'>Dno</span> <span class='ocrx_word' id='word_1_148' title='bbox 672 1110 706 1144; x_wconf 93' lang='lat' dir='ltr'>H</span> <span class='ocrx_word' id='word_1_149' title='bbox 717 1121 738 1145; x_wconf 92' lang='lat' dir='ltr'>a</span> <span class='ocrx_word' id='word_1_150' title='bbox 747 1121 764 1144; x_wconf 92' lang='lat' dir='ltr'>r</span> <span class='ocrx_word' id='word_1_151' title='bbox 773 1113 787 1145; x_wconf 96' lang='lat' dir='ltr'>t</span> <span class='ocrx_word' id='word_1_152' title='bbox 797 1122 812 1145; x_wconf 87' lang='lat' dir='ltr'>s</span> <span class='ocrx_word' id='word_1_153' title='bbox 821 1120 842 1145; x_wconf 95' lang='lat' dir='ltr'>o</span> <span class='ocrx_word' id='word_1_154' title='bbox 853 1121 872 1144; x_wconf 89' lang='lat' dir='ltr'>e</span> <span class='ocrx_word' id='word_1_155' title='bbox 882 1109 908 1144; x_wconf 89' lang='lat' dir='ltr'>k</span> <span class='ocrx_word' id='word_1_156' title='bbox 917 1122 935 1145; x_wconf 86' lang='lat' dir='ltr'>e</span> <span class='ocrx_word' id='word_1_157' title='bbox 943 1121 961 1145; x_wconf 94' lang='lat' dir='ltr'>r</span> <span class='ocrx_word' id='word_1_158' title='bbox 970 1121 992 1145; x_wconf 94' lang='lat' dir='ltr'>o</span> <span class='ocrx_word' id='word_1_159' title='bbox 1000 1136 1011 1158; x_wconf 90' lang='lat'>,</span> <span class='ocrx_word' id='word_1_160' title='bbox 1048 1120 1105 1145; x_wconf 87' lang='lat' dir='ltr'>ro·</span> <span class='ocrx_word' id='word_1_161' title='bbox 1135 1108 1137 1153; x_wconf 59' lang='grc' dir='ltr'><em>ἒ</em></span> 
     </span>
    </p>
   </div>
   <div class='ocr_carea' id='block_1_16' title="bbox 47 1166 1105 1791">
    <p class='ocr_par' dir='ltr' id='par_1_17' title="bbox 47 1166 1105 1791">
     <span class='ocr_line' id='line_1_29' title="bbox 53 1166 398 1212; baseline 0 -11"><span class='ocrx_word' id='word_1_162' title='bbox 53 1170 172 1212; x_wconf 77' lang='lat' dir='ltr'>gatus,</span> <span class='ocrx_word' id='word_1_163' title='bbox 195 1166 283 1201; x_wconf 89' lang='lat' dir='ltr'>olim</span> <span class='ocrx_word' id='word_1_164' title='bbox 305 1166 398 1201; x_wconf 84' lang='lat' dir='ltr'>misi.</span> 
     </span>
     <span class='ocr_line' id='line_1_30' title="bbox 54 1222 1102 1274; baseline 0.001 -15"><span class='ocrx_word' id='word_1_165' title='bbox 54 1224 120 1259; x_wconf 92' lang='lat' dir='ltr'>bus</span> <span class='ocrx_word' id='word_1_166' title='bbox 141 1226 180 1260; x_wconf 90' lang='lat' dir='ltr'>in</span> <span class='ocrx_word' id='word_1_167' title='bbox 200 1224 272 1258; x_wconf 91' lang='lat' dir='ltr'>suis</span> <span class='ocrx_word' id='word_1_168' title='bbox 301 1224 601 1260; x_wconf 84' lang='lat' dir='ltr'>declarationibus</span> <span class='ocrx_word' id='word_1_169' title='bbox 631 1222 1102 1274; x_wconf 83' lang='lat' dir='ltr'>(Eclaircissemens)</span> 
     </span>
     <span class='ocr_line' id='line_1_31' title="bbox 52 1282 1105 1331; baseline 0.003 -15"><span class='ocrx_word' id='word_1_170' title='bbox 52 1282 258 1328; x_wconf 88' lang='lat' dir='ltr'>respoudit,</span> <span class='ocrx_word' id='word_1_171' title='bbox 293 1282 355 1317; x_wconf 76' lang='lat' dir='ltr'>sed</span> <span class='ocrx_word' id='word_1_172' title='bbox 376 1283 526 1318; x_wconf 90' lang='lat' dir='ltr'>nomine</span> <span class='ocrx_word' id='word_1_173' title='bbox 547 1293 628 1318; x_wconf 89' lang='lat' dir='ltr'>meo</span> <span class='ocrx_word' id='word_1_174' title='bbox 650 1295 725 1319; x_wconf 91' lang='lat' dir='ltr'>non</span> <span class='ocrx_word' id='word_1_175' title='bbox 745 1284 899 1331; x_wconf 86' lang='lat' dir='ltr'>adjecto,</span> <span class='ocrx_word' id='word_1_176' title='bbox 923 1283 1019 1329; x_wconf 90' lang='lat' dir='ltr'>quod</span> <span class='ocrx_word' id='word_1_177' title='bbox 1040 1295 1105 1319; x_wconf 83' lang='lat' dir='ltr'>nec</span> 
     </span>
     <span class='ocr_line' id='line_1_32' title="bbox 50 1339 1105 1387; baseline 0.002 -13"><span class='ocrx_word' id='word_1_178' title='bbox 50 1339 312 1375; x_wconf 84' lang='lat' dir='ltr'>desiderabam.</span> <span class='ocrx_word' id='word_1_179' title='bbox 375 1341 425 1375; x_wconf 88' lang='lat' dir='ltr'>At</span> <span class='ocrx_word' id='word_1_180' title='bbox 459 1352 572 1387; x_wconf 84' lang='lat' dir='ltr'>nuper</span> <span class='ocrx_word' id='word_1_181' title='bbox 606 1341 644 1376; x_wconf 88' lang='lat' dir='ltr'>in</span> <span class='ocrx_word' id='word_1_182' title='bbox 680 1342 789 1377; x_wconf 89' lang='lat' dir='ltr'>aliam</span> <span class='ocrx_word' id='word_1_183' title='bbox 819 1341 1105 1377; x_wconf 86' lang='lat' dir='ltr'>controversiam</span> 
     </span>
     <span class='ocr_line' id='line_1_33' title="bbox 48 1397 1104 1445; baseline 0.001 -13"><span class='ocrx_word' id='word_1_184' title='bbox 48 1397 226 1443; x_wconf 83' lang='lat' dir='ltr'>implicati</span> <span class='ocrx_word' id='word_1_185' title='bbox 265 1398 410 1434; x_wconf 83' lang='lat' dir='ltr'>suimus.</span> <span class='ocrx_word' id='word_1_186' title='bbox 472 1399 605 1433; x_wconf 77' lang='lat' dir='ltr'>Statuit</span> <span class='ocrx_word' id='word_1_187' title='bbox 636 1399 716 1445; x_wconf 88' lang='lat' dir='ltr'>ille,</span> <span class='ocrx_word' id='word_1_188' title='bbox 754 1400 844 1434; x_wconf 90' lang='lat' dir='ltr'>duas</span> <span class='ocrx_word' id='word_1_189' title='bbox 873 1411 950 1434; x_wconf 87' lang='lat' dir='ltr'>esse</span> <span class='ocrx_word' id='word_1_190' title='bbox 985 1403 1104 1445; x_wconf 87' lang='lat' dir='ltr'>partes</span> 
     </span>
     <span class='ocr_line' id='line_1_34' title="bbox 48 1455 1105 1503; baseline 0.003 -14"><span class='ocrx_word' id='word_1_191' title='bbox 48 1455 241 1500; x_wconf 84' lang='lat' dir='ltr'>materiae,</span> <span class='ocrx_word' id='word_1_192' title='bbox 280 1465 390 1489; x_wconf 90' lang='lat' dir='ltr'>unam</span> <span class='ocrx_word' id='word_1_193' title='bbox 418 1457 612 1490; x_wconf 87' lang='lat' dir='ltr'>conflatam</span> <span class='ocrx_word' id='word_1_194' title='bbox 641 1467 688 1491; x_wconf 80' lang='lat' dir='ltr'>ex</span> <span class='ocrx_word' id='word_1_195' title='bbox 714 1458 846 1492; x_wconf 89' lang='lat' dir='ltr'>atomis</span> <span class='ocrx_word' id='word_1_196' title='bbox 868 1460 1022 1503; x_wconf 78' lang='lat' dir='ltr'>perfecte</span> <span class='ocrx_word' id='word_1_197' title='bbox 1043 1457 1105 1492; x_wconf 90' lang='lat' dir='ltr'>du-</span> 
     </span>
     <span class='ocr_line' id='line_1_35' title="bbox 48 1512 1104 1559; baseline 0.002 -12"><span class='ocrx_word' id='word_1_198' title='bbox 48 1512 109 1559; x_wconf 89' lang='lat' dir='ltr'>ris,</span> <span class='ocrx_word' id='word_1_199' title='bbox 133 1513 285 1547; x_wconf 86' lang='lat' dir='ltr'>alteram</span> <span class='ocrx_word' id='word_1_200' title='bbox 306 1523 353 1546; x_wconf 83' lang='lat' dir='ltr'>ex</span> <span class='ocrx_word' id='word_1_201' title='bbox 372 1513 485 1548; x_wconf 88' lang='lat' dir='ltr'>fluido</span> <span class='ocrx_word' id='word_1_202' title='bbox 508 1514 676 1559; x_wconf 77' lang='lat' dir='ltr'>perfecto.</span> <span class='ocrx_word' id='word_1_203' title='bbox 729 1515 805 1558; x_wconf 83' lang='lat' dir='ltr'>Ego</span> <span class='ocrx_word' id='word_1_204' title='bbox 828 1515 1018 1549; x_wconf 82' lang='lat' dir='ltr'>materiam</span> <span class='ocrx_word' id='word_1_205' title='bbox 1039 1525 1104 1549; x_wconf 88' lang='lat' dir='ltr'>sua</span> 
     </span>
     <span class='ocr_line' id='line_1_36' title="bbox 48 1569 1103 1618; baseline 0.001 -14"><span class='ocrx_word' id='word_1_206' title='bbox 48 1573 178 1605; x_wconf 83' lang='lat' dir='ltr'>natura</span> <span class='ocrx_word' id='word_1_207' title='bbox 198 1569 417 1604; x_wconf 85' lang='lat' dir='ltr'>divisibilem</span> <span class='ocrx_word' id='word_1_208' title='bbox 438 1574 577 1617; x_wconf 87' lang='lat' dir='ltr'>statuO,</span> <span class='ocrx_word' id='word_1_209' title='bbox 600 1582 664 1605; x_wconf 88' lang='lat' dir='ltr'>nec</span> <span class='ocrx_word' id='word_1_210' title='bbox 684 1574 840 1618; x_wconf 79' lang='lat' dir='ltr'>atomos,</span> <span class='ocrx_word' id='word_1_211' title='bbox 863 1573 930 1606; x_wconf 91' lang='lat' dir='ltr'>nisi</span> <span class='ocrx_word' id='word_1_212' title='bbox 952 1583 1016 1617; x_wconf 83' lang='lat' dir='ltr'>per</span> <span class='ocrx_word' id='word_1_213' title='bbox 1037 1572 1103 1605; x_wconf 88' lang='lat' dir='ltr'>mi-</span> 
     </span>
     <span class='ocr_line' id='line_1_37' title="bbox 52 1627 1104 1674; baseline 0.001 -12"><span class='ocrx_word' id='word_1_214' title='bbox 52 1628 233 1673; x_wconf 89' lang='lat' dir='ltr'>raculum,</span> <span class='ocrx_word' id='word_1_215' title='bbox 266 1627 386 1663; x_wconf 86' lang='lat' dir='ltr'>induci</span> <span class='ocrx_word' id='word_1_216' title='bbox 414 1639 529 1674; x_wconf 87' lang='lat' dir='ltr'>posse.</span> <span class='ocrx_word' id='word_1_217' title='bbox 592 1628 823 1664; x_wconf 86' lang='lat' dir='ltr'>Fluiditatem</span> <span class='ocrx_word' id='word_1_218' title='bbox 845 1630 956 1664; x_wconf 91' lang='lat' dir='ltr'>etiam</span> <span class='ocrx_word' id='word_1_219' title='bbox 983 1632 1104 1663; x_wconf 85' lang='lat' dir='ltr'>statuo</span> 
     </span>
     <span class='ocr_line' id='line_1_38' title="bbox 47 1685 1104 1734; baseline 0 -14"><span class='ocrx_word' id='word_1_220' title='bbox 47 1686 200 1720; x_wconf 87' lang='lat' dir='ltr'>transire</span> <span class='ocrx_word' id='word_1_221' title='bbox 228 1685 266 1720; x_wconf 91' lang='lat' dir='ltr'>in</span> <span class='ocrx_word' id='word_1_222' title='bbox 293 1685 469 1731; x_wconf 91' lang='lat' dir='ltr'>quosdam</span> <span class='ocrx_word' id='word_1_223' title='bbox 496 1687 735 1722; x_wconf 76' lang='lat' dir='ltr'>connexionis</span> <span class='ocrx_word' id='word_1_224' title='bbox 761 1687 910 1733; x_wconf 76' lang='lat' dir='ltr'>gradus,</span> <span class='ocrx_word' id='word_1_225' title='bbox 941 1699 1004 1734; x_wconf 84' lang='lat' dir='ltr'>per</span> <span class='ocrx_word' id='word_1_226' title='bbox 1026 1697 1104 1721; x_wconf 90' lang='grc'><strong>1110-</strong></span> 
     </span>
     <span class='ocr_line' id='line_1_39' title="bbox 49 1743 1103 1791; baseline 0.002 -14"><span class='ocrx_word' id='word_1_227' title='bbox 49 1745 106 1777; x_wconf 89' lang='lat' dir='ltr'>tus</span> <span class='ocrx_word' id='word_1_228' title='bbox 127 1743 249 1777; x_wconf 85' lang='lat' dir='ltr'>varios</span> <span class='ocrx_word' id='word_1_229' title='bbox 271 1743 307 1777; x_wconf 85' lang='lat' dir='ltr'>in</span> <span class='ocrx_word' id='word_1_230' title='bbox 338 1743 509 1790; x_wconf 82' lang='lat' dir='ltr'>materia,</span> <span class='ocrx_word' id='word_1_231' title='bbox 547 1744 641 1779; x_wconf 86' lang='lat' dir='ltr'>inter</span> <span class='ocrx_word' id='word_1_232' title='bbox 675 1755 712 1779; x_wconf 91' lang='lat' dir='ltr'>se</span> <span class='ocrx_word' id='word_1_233' title='bbox 745 1746 1013 1791; x_wconf 71' lang='lat' dir='ltr'>conspirantesJ</span> <span class='ocrx_word' id='word_1_234' title='bbox 1052 1745 1103 1779; x_wconf 86' lang='lat' dir='ltr'>ita</span> 
     </span>
    </p>
   </div>
   <div class='ocr_carea' id='block_1_17' title="bbox 462 1167 1137 1214">
    <p class='ocr_par' dir='ltr' id='par_1_18' title="bbox 462 1167 1137 1223">
     <span class='ocr_line' id='line_1_40' title="bbox 462 1167 1137 1214; baseline -0.001 -12"><span class='ocrx_word' id='word_1_235' title='bbox 462 1167 536 1202; x_wconf 82' lang='lat' dir='ltr'>Eae</span> <span class='ocrx_word' id='word_1_236' title='bbox 557 1173 697 1213; x_wconf 85' lang='lat' dir='ltr'>partem</span> <span class='ocrx_word' id='word_1_237' title='bbox 718 1168 818 1203; x_wconf 92' lang='lat' dir='ltr'>illam</span> <span class='ocrx_word' id='word_1_238' title='bbox 841 1168 995 1214; x_wconf 86' lang='lat' dir='ltr'>faciunt,</span> <span class='ocrx_word' id='word_1_239' title='bbox 1026 1167 1103 1213; x_wconf 90' lang='lat' dir='ltr'>qui-</span> <span class='ocrx_word' id='word_1_240' title='bbox 1134 1167 1137 1213; x_wconf 74' lang='grc' dir='ltr'>ζ</span> 
     </span>
    </p>
   </div>
   <div class='ocr_carea' id='block_1_18' title="bbox 1166 585 2217 814">
    <p class='ocr_par' dir='ltr' id='par_1_19' title="bbox 1166 585 2217 814">
     <span class='ocr_line' id='line_1_41' title="bbox 1169 585 2217 634; baseline 0.009 -15"><span class='ocrx_word' id='word_1_241' title='bbox 1169 585 1236 631; x_wconf 82' lang='lat' dir='ltr'>giis</span> <span class='ocrx_word' id='word_1_242' title='bbox 1274 585 1360 620; x_wconf 87' lang='lat' dir='ltr'>viris</span> <span class='ocrx_word' id='word_1_243' title='bbox 1389 586 1687 634; x_wconf 85' lang='lat' dir='ltr'>Ptolomaeo,</span> <span class='ocrx_word' id='word_1_244' title='bbox 1724 593 1767 623; x_wconf 86' lang='lat' dir='ltr'>et</span> <span class='ocrx_word' id='word_1_245' title='bbox 1803 589 2090 628; x_wconf 85' lang='lat' dir='ltr'>Turnamino</span> <span class='ocrx_word' id='word_1_246' title='bbox 2117 595 2217 628; x_wconf 84' lang='lat' dir='ltr'>tenta</span> 
     </span>
     <span class='ocr_line' id='line_1_42' title="bbox 1170 644 2214 695; baseline 0.009 -18"><span class='ocrx_word' id='word_1_247' title='bbox 1170 644 1270 678; x_wconf 86' lang='lat' dir='ltr'>mina</span> <span class='ocrx_word' id='word_1_248' title='bbox 1291 654 1371 678; x_wconf 87' lang='lat' dir='ltr'>mea</span> <span class='ocrx_word' id='word_1_249' title='bbox 1393 644 1570 691; x_wconf 75' lang='lat' dir='ltr'>destinas,</span> <span class='ocrx_word' id='word_1_250' title='bbox 1593 646 1690 690; x_wconf 89' lang='lat' dir='ltr'>quod</span> <span class='ocrx_word' id='word_1_251' title='bbox 1711 646 1829 682; x_wconf 87' lang='lat' dir='ltr'>Turn</span> <span class='ocrx_word' id='word_1_252' title='bbox 1843 649 2001 695; x_wconf 85' lang='lat' dir='ltr'>amini,</span> <span class='ocrx_word' id='word_1_253' title='bbox 2026 654 2060 685; x_wconf 89' lang='lat' dir='ltr'>et</span> <span class='ocrx_word' id='word_1_254' title='bbox 2082 651 2214 686; x_wconf 86' lang='lat' dir='ltr'>Hart-</span> 
     </span>
     <span class='ocr_line' id='line_1_43' title="bbox 1169 701 2215 755; baseline 0.007 -18"><span class='ocrx_word' id='word_1_255' title='bbox 1169 701 1306 737; x_wconf 85' lang='lat' dir='ltr'>soeke</span> <span class='ocrx_word' id='word_1_256' title='bbox 1318 702 1355 736; x_wconf 88' lang='lat' dir='ltr'>ri</span> <span class='ocrx_word' id='word_1_257' title='bbox 1393 702 1531 738; x_wconf 79' lang='lat' dir='ltr'>litteras</span> <span class='ocrx_word' id='word_1_258' title='bbox 1547 704 1672 738; x_wconf 87' lang='lat' dir='ltr'>mittis.</span> <span class='ocrx_word' id='word_1_259' title='bbox 1721 705 1871 751; x_wconf 73' lang='lat' dir='ltr'>Utrique</span> <span class='ocrx_word' id='word_1_260' title='bbox 1888 707 2098 755; x_wconf 76' lang='lat' dir='ltr'>respondeo,</span> <span class='ocrx_word' id='word_1_261' title='bbox 2123 711 2159 745; x_wconf 88' lang='lat' dir='ltr'>et</span> <span class='ocrx_word' id='word_1_262' title='bbox 2175 712 2215 744; x_wconf 87' lang='lat' dir='ltr'>ut</span> 
     </span>
     <span class='ocr_line' id='line_1_44' title="bbox 1166 759 2214 814; baseline 0.008 -21"><span class='ocrx_word' id='word_1_263' title='bbox 1166 759 1437 805; x_wconf 81' lang='lat' dir='ltr'>responsionem</span> <span class='ocrx_word' id='word_1_264' title='bbox 1480 772 1580 795; x_wconf 86' lang='lat' dir='ltr'>cures</span> <span class='ocrx_word' id='word_1_265' title='bbox 1615 773 1714 806; x_wconf 80' lang='lat' dir='ltr'>rogo.</span> <span class='ocrx_word' id='word_1_266' title='bbox 1777 764 1899 809; x_wconf 79' lang='lat' dir='ltr'>Neque</span> <span class='ocrx_word' id='word_1_267' title='bbox 1933 764 2112 811; x_wconf 78' lang='lat' dir='ltr'>ingratum</span> <span class='ocrx_word' id='word_1_268' title='bbox 2148 770 2214 814; x_wconf 88' lang='lat' dir='ltr'>est,</span> 
     </span>
    </p>
   </div>
   <div class='ocr_carea' id='block_1_19' title="bbox 1134 817 2213 871">
    <p class='ocr_par' dir='ltr' id='par_1_20' title="bbox 1134 817 2213 871">
     <span class='ocr_line' id='line_1_45' title="bbox 1134 817 2213 871; baseline 0.008 -21"><span class='ocrx_word' id='word_1_269' title='bbox 1134 822 1135 827; x_wconf 77' lang='grc'>’</span> <span class='ocrx_word' id='word_1_270' title='bbox 1166 817 1264 862; x_wconf 92' lang='lat' dir='ltr'>quod</span> <span class='ocrx_word' id='word_1_271' title='bbox 1285 819 1551 853; x_wconf 79' lang='lat' dir='ltr'>controversiae</span> <span class='ocrx_word' id='word_1_272' title='bbox 1567 829 1648 854; x_wconf 91' lang='lat' dir='ltr'>cum</span> <span class='ocrx_word' id='word_1_273' title='bbox 1669 820 1987 857; x_wconf 85' lang='lat' dir='ltr'>Hartsoekcro</span> <span class='ocrx_word' id='word_1_274' title='bbox 2010 834 2109 859; x_wconf 86' lang='lat' dir='ltr'>meac</span> <span class='ocrx_word' id='word_1_275' title='bbox 2130 835 2213 871; x_wconf 88' lang='lat' dir='ltr'>par-</span> 
     </span>
    </p>
   </div>
   <div class='ocr_carea' id='block_1_20' title="bbox 1163 875 2214 1270">
    <p class='ocr_par' dir='ltr' id='par_1_21' title="bbox 1163 875 2214 1095">
     <span class='ocr_line' id='line_1_46' title="bbox 1165 875 2213 928; baseline 0.008 -18"><span class='ocrx_word' id='word_1_276' title='bbox 1165 875 1312 921; x_wconf 84' lang='lat' dir='ltr'>ticipem</span> <span class='ocrx_word' id='word_1_277' title='bbox 1355 876 1686 912; x_wconf 89' lang='lat' dir='ltr'>Turnaminum</span> <span class='ocrx_word' id='word_1_278' title='bbox 1731 879 1828 913; x_wconf 80' lang='lat' dir='ltr'>facis,</span> <span class='ocrx_word' id='word_1_279' title='bbox 1891 881 1980 914; x_wconf 81' lang='lat' dir='ltr'>Eece</span> <span class='ocrx_word' id='word_1_280' title='bbox 2011 881 2090 924; x_wconf 88' lang='lat' dir='ltr'>jam</span> <span class='ocrx_word' id='word_1_281' title='bbox 2126 883 2213 928; x_wconf 89' lang='lat' dir='ltr'>quid</span> 
     </span>
     <span class='ocr_line' id='line_1_47' title="bbox 1163 933 2213 986; baseline 0.008 -19"><span class='ocrx_word' id='word_1_282' title='bbox 1163 933 1352 978; x_wconf 86' lang='lat' dir='ltr'>replicem:</span> <span class='ocrx_word' id='word_1_283' title='bbox 1374 944 1459 968; x_wconf 88' lang='lat' dir='ltr'>nam</span> <span class='ocrx_word' id='word_1_284' title='bbox 1475 935 1744 981; x_wconf 73' lang='lat' dir='ltr'>responsionem</span> <span class='ocrx_word' id='word_1_285' title='bbox 1765 937 2082 986; x_wconf 86' lang='lat' dir='ltr'>Hartsoekeri,</span> <span class='ocrx_word' id='word_1_286' title='bbox 2105 951 2213 986; x_wconf 87' lang='lat' dir='ltr'>quam</span> 
     </span>
     <span class='ocr_line' id='line_1_48' title="bbox 1164 989 2214 1043; baseline 0.007 -18"><span class='ocrx_word' id='word_1_287' title='bbox 1164 989 1306 1038; x_wconf 87' lang='lat' dir='ltr'>misisti,</span> <span class='ocrx_word' id='word_1_288' title='bbox 1329 991 1394 1027; x_wconf 89' lang='lat' dir='ltr'>tibi</span> <span class='ocrx_word' id='word_1_289' title='bbox 1417 992 1546 1027; x_wconf 86' lang='lat' dir='ltr'>lectam</span> <span class='ocrx_word' id='word_1_290' title='bbox 1568 996 1675 1039; x_wconf 65' lang='lat' dir='ltr'>puto,</span> <span class='ocrx_word' id='word_1_291' title='bbox 1696 994 1750 1029; x_wconf 91' lang='lat' dir='ltr'>sin</span> <span class='ocrx_word' id='word_1_292' title='bbox 1772 995 1900 1042; x_wconf 90' lang='lat' dir='ltr'>minus,</span> <span class='ocrx_word' id='word_1_293' title='bbox 1923 999 1984 1031; x_wconf 84' lang='lat' dir='ltr'>aut</span> <span class='ocrx_word' id='word_1_294' title='bbox 2000 997 2029 1031; x_wconf 95' lang='lat' dir='ltr'>si</span> <span class='ocrx_word' id='word_1_295' title='bbox 2047 998 2125 1043; x_wconf 88' lang='lat' dir='ltr'>ipse</span> <span class='ocrx_word' id='word_1_296' title='bbox 2141 1008 2214 1034; x_wconf 91' lang='lat' dir='ltr'>non</span> 
     </span>
     <span class='ocr_line' id='line_1_49' title="bbox 1163 1049 1592 1095; baseline 0.002 -10"><span class='ocrx_word' id='word_1_297' title='bbox 1163 1049 1286 1095; x_wconf 88' lang='lat' dir='ltr'>mittit,</span> <span class='ocrx_word' id='word_1_298' title='bbox 1308 1050 1592 1086; x_wconf 81' lang='lat' dir='ltr'>communicabo.</span> 
     </span>
    </p>

    <p class='ocr_par' dir='ltr' id='par_1_22' title="bbox 1163 1107 2214 1270">
     <span class='ocr_line' id='line_1_50' title="bbox 1221 1107 2213 1159; baseline 0.007 -17"><span class='ocrx_word' id='word_1_299' title='bbox 1221 1107 1325 1142; x_wconf 89' lang='lat' dir='ltr'>Nunc</span> <span class='ocrx_word' id='word_1_300' title='bbox 1341 1108 1474 1143; x_wconf 81' lang='lat' dir='ltr'>adtuas</span> <span class='ocrx_word' id='word_1_301' title='bbox 1491 1109 1716 1155; x_wconf 76' lang='lat' dir='ltr'>quaestiones</span> <span class='ocrx_word' id='word_1_302' title='bbox 1727 1109 1841 1144; x_wconf 83' lang='lat' dir='ltr'>venio.</span> <span class='ocrx_word' id='word_1_303' title='bbox 1875 1110 1922 1146; x_wconf 86' lang='lat' dir='ltr'>Et</span> <span class='ocrx_word' id='word_1_304' title='bbox 1939 1111 2108 1159; x_wconf 86' lang='lat' dir='ltr'>primum,</span> <span class='ocrx_word' id='word_1_305' title='bbox 2132 1124 2213 1149; x_wconf 89' lang='lat' dir='ltr'>cum</span> 
     </span>
     <span class='ocr_line' id='line_1_51' title="bbox 1165 1165 2213 1216; baseline 0.008 -17"><span class='ocrx_word' id='word_1_306' title='bbox 1165 1165 1389 1201; x_wconf 84' lang='lat' dir='ltr'>Entelechiae</span> <span class='ocrx_word' id='word_1_307' title='bbox 1418 1170 1685 1212; x_wconf 66' lang='lat' dir='ltr'>repraesentent</span> <span class='ocrx_word' id='word_1_308' title='bbox 1717 1168 1891 1203; x_wconf 88' lang='lat' dir='ltr'>materiae</span> <span class='ocrx_word' id='word_1_309' title='bbox 1918 1170 2109 1216; x_wconf 79' lang='lat' dir='ltr'>organicae</span> <span class='ocrx_word' id='word_1_310' title='bbox 2130 1183 2213 1207; x_wconf 91' lang='lat' dir='ltr'>con-</span> 
     </span>
     <span class='ocr_line' id='line_1_52' title="bbox 1163 1223 2214 1270; baseline 0.008 -13"><span class='ocrx_word' id='word_1_311' title='bbox 1163 1223 1411 1270; x_wconf 82' lang='lat' dir='ltr'>stitutionem,</span> <span class='ocrx_word' id='word_1_312' title='bbox 1435 1228 1573 1260; x_wconf 80' lang='lat' dir='ltr'>tantam</span> <span class='ocrx_word' id='word_1_313' title='bbox 1595 1226 1630 1260; x_wconf 92' lang='lat' dir='ltr'>in</span> <span class='ocrx_word' id='word_1_314' title='bbox 1653 1226 1740 1270; x_wconf 74' lang='lat' dir='ltr'>ipsis</span> <span class='ocrx_word' id='word_1_315' title='bbox 1761 1226 1973 1262; x_wconf 78' lang='lat' dir='ltr'>varietatem</span> <span class='ocrx_word' id='word_1_316' title='bbox 1994 1239 2138 1264; x_wconf 89' lang='lat' dir='ltr'>necesse</span> <span class='ocrx_word' id='word_1_317' title='bbox 2159 1233 2214 1265; x_wconf 86' lang='lat' dir='ltr'>est</span> 
     </span>
    </p>
   </div>
   <div class='ocr_carea' id='block_1_21' title="bbox 1135 1279 2215 1333">
    <p class='ocr_par' dir='ltr' id='par_1_23' title="bbox 1135 1279 2215 1333">
     <span class='ocr_line' id='line_1_53' title="bbox 1135 1279 2215 1333; baseline 0.007 -18"><span class='ocrx_word' id='word_1_318' title='bbox 1135 1279 1137 1314; x_wconf 65' lang='grc' dir='ltr'><strong>ἶ</strong></span> <span class='ocrx_word' id='word_1_319' title='bbox 1162 1293 1259 1328; x_wconf 84' lang='lat' dir='ltr'>esse,</span> <span class='ocrx_word' id='word_1_320' title='bbox 1280 1285 1451 1326; x_wconf 88' lang='lat' dir='ltr'>quantam</span> <span class='ocrx_word' id='word_1_321' title='bbox 1473 1283 1509 1317; x_wconf 91' lang='lat' dir='ltr'>in</span> <span class='ocrx_word' id='word_1_322' title='bbox 1532 1283 1610 1329; x_wconf 90' lang='lat' dir='ltr'>ipsa</span> <span class='ocrx_word' id='word_1_323' title='bbox 1631 1284 1780 1318; x_wconf 83' lang='lat' dir='ltr'>materia</span> <span class='ocrx_word' id='word_1_324' title='bbox 1802 1285 2038 1333; x_wconf 86' lang='lat' dir='ltr'>percipimus,</span> <span class='ocrx_word' id='word_1_325' title='bbox 2057 1298 2121 1322; x_wconf 86' lang='lat' dir='ltr'>nec</span> <span class='ocrx_word' id='word_1_326' title='bbox 2144 1298 2215 1323; x_wconf 86' lang='lat' dir='ltr'>una</span> 
     </span>
    </p>
   </div>
   <div class='ocr_carea' id='block_1_22' title="bbox 1136 1631 1790 1734">
    <p class='ocr_par' dir='ltr' id='par_1_24' title="bbox 1136 1631 1790 1734">
     <span class='ocr_line' id='line_1_54' title="bbox 1136 1631 1230 1676; baseline 0 -15"><span class='ocrx_word' id='word_1_327' title='bbox 1136 1631 1137 1676; x_wconf 47' lang='lat' dir='ltr'>J</span> <span class='ocrx_word' id='word_1_328' title='bbox 1162 1631 1230 1662; x_wconf 89' lang='lat' dir='ltr'>tur.</span> 
     </span>
     <span class='ocr_line' id='line_1_55' title="bbox 1136 1685 1790 1734; baseline 0.008 -16"><span class='ocrx_word' id='word_1_329' title='bbox 1136 1692 1137 1695; x_wconf 76' lang='grc'>’</span> <span class='ocrx_word' id='word_1_330' title='bbox 1164 1685 1325 1730; x_wconf 87' lang='lat' dir='ltr'>sequitur</span> <span class='ocrx_word' id='word_1_331' title='bbox 1355 1696 1400 1719; x_wconf 85' lang='lat' dir='ltr'>ex</span> <span class='ocrx_word' id='word_1_332' title='bbox 1429 1689 1524 1721; x_wconf 85' lang='lat' dir='ltr'>statu</span> <span class='ocrx_word' id='word_1_333' title='bbox 1552 1687 1629 1731; x_wconf 86' lang='lat' dir='ltr'>ejus</span> <span class='ocrx_word' id='word_1_334' title='bbox 1657 1689 1790 1734; x_wconf 89' lang='lat' dir='ltr'>priore.</span> 
     </span>
    </p>
   </div>
   <div class='ocr_carea' id='block_1_23' title="bbox 1135 1730 1138 1765">
    <p class='ocr_par' dir='ltr' id='par_1_25' title="bbox 1135 1730 1138 1765">
     <span class='ocr_line' id='line_1_56' title="bbox 1136 1730 1137 1743; baseline 0 0"><span class='ocrx_word' id='word_1_335' title='bbox 1136 1730 1137 1743; x_wconf 76' lang='lat' dir='ltr'>l</span> 
     </span>
     <span class='ocr_line' id='line_1_57' title="bbox 1135 1747 1138 1765; baseline 0 0"><span class='ocrx_word' id='word_1_336' title='bbox 1135 1747 1138 1765; x_wconf 84' lang='lat' dir='ltr'>l</span> 
     </span>
    </p>
   </div>
   <div class='ocr_carea' id='block_1_24' title="bbox 1163 1340 2214 1797">
    <p class='ocr_par' dir='ltr' id='par_1_26' title="bbox 1163 1340 2214 1797">
     <span class='ocr_line' id='line_1_58' title="bbox 1164 1340 2214 1390; baseline 0.007 -16"><span class='ocrx_word' id='word_1_337' title='bbox 1164 1340 1369 1374; x_wconf 84' lang='lat' dir='ltr'>Entelechia</span> <span class='ocrx_word' id='word_1_338' title='bbox 1398 1341 1500 1375; x_wconf 88' lang='lat' dir='ltr'>alteri</span> <span class='ocrx_word' id='word_1_339' title='bbox 1537 1343 1692 1387; x_wconf 84' lang='lat' dir='ltr'>perfecte</span> <span class='ocrx_word' id='word_1_340' title='bbox 1728 1342 1855 1376; x_wconf 82' lang='lat' dir='ltr'>similis</span> <span class='ocrx_word' id='word_1_341' title='bbox 1891 1354 1970 1377; x_wconf 86' lang='lat' dir='ltr'>esse</span> <span class='ocrx_word' id='word_1_342' title='bbox 2005 1347 2141 1390; x_wconf 87' lang='lat' dir='ltr'>potest:</span> <span class='ocrx_word' id='word_1_343' title='bbox 2178 1348 2214 1381; x_wconf 84' lang='lat' dir='ltr'>et</span> 
     </span>
     <span class='ocr_line' id='line_1_59' title="bbox 1163 1398 2213 1450; baseline 0.007 -19"><span class='ocrx_word' id='word_1_344' title='bbox 1163 1398 1369 1432; x_wconf 77' lang='lat' dir='ltr'>Entelechia</span> <span class='ocrx_word' id='word_1_345' title='bbox 1397 1398 1472 1442; x_wconf 73' lang='lat' dir='ltr'>agit</span> <span class='ocrx_word' id='word_1_346' title='bbox 1493 1400 1528 1433; x_wconf 91' lang='lat' dir='ltr'>in</span> <span class='ocrx_word' id='word_1_347' title='bbox 1551 1400 1701 1434; x_wconf 87' lang='lat' dir='ltr'>materia</span> <span class='ocrx_word' id='word_1_348' title='bbox 1722 1400 1914 1435; x_wconf 83' lang='lat' dir='ltr'>secundum</span> <span class='ocrx_word' id='word_1_349' title='bbox 1937 1402 2048 1447; x_wconf 89' lang='lat' dir='ltr'>ipsius</span> <span class='ocrx_word' id='word_1_350' title='bbox 2068 1404 2213 1450; x_wconf 78' lang='lat' dir='ltr'>exigen-</span> 
     </span>
     <span class='ocr_line' id='line_1_60' title="bbox 1163 1455 2214 1507; baseline 0.006 -17"><span class='ocrx_word' id='word_1_351' title='bbox 1163 1456 1263 1501; x_wconf 86' lang='lat' dir='ltr'>tiam,</span> <span class='ocrx_word' id='word_1_352' title='bbox 1287 1455 1339 1490; x_wconf 85' lang='lat' dir='ltr'>ita</span> <span class='ocrx_word' id='word_1_353' title='bbox 1360 1458 1399 1490; x_wconf 86' lang='lat' dir='ltr'>ut</span> <span class='ocrx_word' id='word_1_354' title='bbox 1428 1459 1541 1491; x_wconf 84' lang='lat' dir='ltr'>status</span> <span class='ocrx_word' id='word_1_355' title='bbox 1572 1459 1744 1492; x_wconf 86' lang='lat' dir='ltr'>materiae</span> <span class='ocrx_word' id='word_1_356' title='bbox 1766 1469 1880 1493; x_wconf 76' lang='lat' dir='ltr'>novus</span> <span class='ocrx_word' id='word_1_357' title='bbox 1918 1460 1965 1494; x_wconf 90' lang='lat' dir='ltr'>sit</span> <span class='ocrx_word' id='word_1_358' title='bbox 1993 1471 2214 1507; x_wconf 88' lang='lat' dir='ltr'>consequens</span> 
     </span>
     <span class='ocr_line' id='line_1_61' title="bbox 1163 1513 2214 1563; baseline 0.008 -16"><span class='ocrx_word' id='word_1_359' title='bbox 1163 1516 1277 1548; x_wconf 89' lang='lat' dir='ltr'>status</span> <span class='ocrx_word' id='word_1_360' title='bbox 1297 1513 1439 1558; x_wconf 89' lang='lat' dir='ltr'>prioris,</span> <span class='ocrx_word' id='word_1_361' title='bbox 1461 1515 1655 1550; x_wconf 88' lang='lat' dir='ltr'>secundum</span> <span class='ocrx_word' id='word_1_362' title='bbox 1671 1516 1766 1559; x_wconf 79' lang='lat' dir='ltr'>leges</span> <span class='ocrx_word' id='word_1_363' title='bbox 1783 1519 1950 1563; x_wconf 63' lang='lat' dir='ltr'>naturae,</span> <span class='ocrx_word' id='word_1_364' title='bbox 1974 1518 2069 1562; x_wconf 80' lang='lat' dir='ltr'>leges</span> <span class='ocrx_word' id='word_1_365' title='bbox 2090 1522 2214 1555; x_wconf 89' lang='lat' dir='ltr'>autem</span> 
     </span>
     <span class='ocr_line' id='line_1_62' title="bbox 1163 1572 2212 1623; baseline 0.008 -19"><span class='ocrx_word' id='word_1_366' title='bbox 1163 1574 1314 1605; x_wconf 89' lang='lat' dir='ltr'>naturae</span> <span class='ocrx_word' id='word_1_367' title='bbox 1343 1582 1405 1616; x_wconf 89' lang='lat' dir='ltr'>per</span> <span class='ocrx_word' id='word_1_368' title='bbox 1427 1572 1647 1607; x_wconf 77' lang='lat' dir='ltr'>Entelechias</span> <span class='ocrx_word' id='word_1_369' title='bbox 1677 1574 1843 1608; x_wconf 79' lang='lat' dir='ltr'>effectum</span> <span class='ocrx_word' id='word_1_370' title='bbox 1865 1586 1970 1610; x_wconf 85' lang='lat' dir='ltr'>suum</span> <span class='ocrx_word' id='word_1_371' title='bbox 1991 1587 2212 1623; x_wconf 85' lang='lat' dir='ltr'>consequun-</span> 
     </span>
     <span class='ocr_line' id='line_1_63' title="bbox 1281 1628 2214 1678; baseline 0.009 -15"><span class='ocrx_word' id='word_1_372' title='bbox 1281 1628 1351 1663; x_wconf 82' lang='lat' dir='ltr'>Sed</span> <span class='ocrx_word' id='word_1_373' title='bbox 1371 1632 1406 1663; x_wconf 87' lang='lat' dir='ltr'>et</span> <span class='ocrx_word' id='word_1_374' title='bbox 1427 1629 1540 1673; x_wconf 83' lang='lat' dir='ltr'>ipsius</span> <span class='ocrx_word' id='word_1_375' title='bbox 1562 1631 1791 1666; x_wconf 83' lang='lat' dir='ltr'>Entclcchiae</span> <span class='ocrx_word' id='word_1_376' title='bbox 1811 1635 1922 1667; x_wconf 85' lang='lat' dir='ltr'>status</span> <span class='ocrx_word' id='word_1_377' title='bbox 1943 1644 2109 1678; x_wconf 76' lang='lat' dir='ltr'>praesens</span> <span class='ocrx_word' id='word_1_378' title='bbox 2130 1646 2214 1671; x_wconf 89' lang='lat' dir='ltr'>con·</span> 
     </span>
     <span class='ocr_line' id='line_1_64' title="bbox 1850 1691 2214 1728; baseline 0.008 -3"><span class='ocrx_word' id='word_1_379' title='bbox 1850 1691 1902 1725; x_wconf 91' lang='lat' dir='ltr'>De</span> <span class='ocrx_word' id='word_1_380' title='bbox 1924 1692 2018 1727; x_wconf 89' lang='lat' dir='ltr'>trina</span> <span class='ocrx_word' id='word_1_381' title='bbox 2039 1694 2214 1728; x_wconf 87' lang='lat' dir='ltr'>materiae</span> 
     </span>
     <span class='ocr_line' id='line_1_65' title="bbox 1163 1743 2212 1797; baseline 0.009 -20"><span class='ocrx_word' id='word_1_382' title='bbox 1163 1743 1349 1788; x_wconf 87' lang='lat' dir='ltr'>superficie</span> <span class='ocrx_word' id='word_1_383' title='bbox 1377 1743 1473 1788; x_wconf 91' lang='lat' dir='ltr'>quod</span> <span class='ocrx_word' id='word_1_384' title='bbox 1501 1744 1617 1780; x_wconf 88' lang='lat' dir='ltr'>dicam</span> <span class='ocrx_word' id='word_1_385' title='bbox 1647 1756 1719 1780; x_wconf 87' lang='lat' dir='ltr'>non</span> <span class='ocrx_word' id='word_1_386' title='bbox 1749 1747 1883 1793; x_wconf 68' lang='lat' dir='ltr'>habeo,</span> <span class='ocrx_word' id='word_1_387' title='bbox 1914 1749 1982 1783; x_wconf 88' lang='lat' dir='ltr'>nisi</span> <span class='ocrx_word' id='word_1_388' title='bbox 2006 1750 2061 1784; x_wconf 84' lang='lat' dir='ltr'>vel</span> <span class='ocrx_word' id='word_1_389' title='bbox 2082 1761 2212 1797; x_wconf 80' lang='lat' dir='ltr'>negan-</span> 
     </span>
    </p>
   </div>
   <div class='ocr_carea' id='block_1_25' title="bbox 47 1786 2213 1851">
    <p class='ocr_par' dir='ltr' id='par_1_27' title="bbox 47 1786 2213 1851">
     <span class='ocr_line' id='line_1_66' title="bbox 47 1786 2213 1851; baseline 0.004 -17"><span class='ocrx_word' id='word_1_390' title='bbox 47 1800 144 1834; x_wconf 90' lang='lat' dir='ltr'>cnim</span> <span class='ocrx_word' id='word_1_391' title='bbox 165 1800 222 1845; x_wconf 87' lang='lat' dir='ltr'>fit,</span> <span class='ocrx_word' id='word_1_392' title='bbox 260 1802 300 1834; x_wconf 90' lang='lat' dir='ltr'>ut</span> <span class='ocrx_word' id='word_1_393' title='bbox 321 1801 501 1846; x_wconf 85' lang='lat' dir='ltr'>separatio</span> <span class='ocrx_word' id='word_1_394' title='bbox 529 1811 599 1835; x_wconf 89' lang='lat' dir='ltr'>non</span> <span class='ocrx_word' id='word_1_395' title='bbox 633 1802 695 1836; x_wconf 85' lang='lat' dir='ltr'>fiat</span> <span class='ocrx_word' id='word_1_396' title='bbox 725 1803 800 1837; x_wconf 90' lang='lat' dir='ltr'>sine</span> <span class='ocrx_word' id='word_1_397' title='bbox 835 1803 991 1848; x_wconf 86' lang='lat' dir='ltr'>quadam</span> <span class='ocrx_word' id='word_1_398' title='bbox 1027 1813 1103 1837; x_wconf 78' lang='lat' dir='ltr'>nio-</span> <span class='ocrx_word' id='word_1_399' title='bbox 1135 1786 1137 1847; x_wconf 67' lang='grc'>1</span> <span class='ocrx_word' id='word_1_400' title='bbox 1162 1801 1248 1835; x_wconf 89' lang='lat' dir='ltr'>dum</span> <span class='ocrx_word' id='word_1_401' title='bbox 1270 1801 1381 1835; x_wconf 86' lang='lat' dir='ltr'>ullam</span> <span class='ocrx_word' id='word_1_402' title='bbox 1402 1801 1511 1837; x_wconf 86' lang='lat' dir='ltr'>talem</span> <span class='ocrx_word' id='word_1_403' title='bbox 1533 1814 1608 1838; x_wconf 80' lang='lat' dir='ltr'>esse</span> <span class='ocrx_word' id='word_1_404' title='bbox 1628 1805 1871 1851; x_wconf 73' lang='lat' dir='ltr'>Sup11¹rficienl,</span> <span class='ocrx_word' id='word_1_405' title='bbox 1900 1807 1957 1841; x_wconf 81' lang='lat' dir='ltr'>vel</span> <span class='ocrx_word' id='word_1_406' title='bbox 1985 1807 2031 1841; x_wconf 90' lang='lat' dir='ltr'>ad</span> <span class='ocrx_word' id='word_1_407' title='bbox 2061 1809 2213 1843; x_wconf 86' lang='lat' dir='ltr'>miracu-</span> 
     </span>
    </p>
   </div>
   <div class='ocr_carea' id='block_1_26' title="bbox 39 1857 1102 2135">
    <p class='ocr_par' dir='ltr' id='par_1_28' title="bbox 39 1857 1102 2135">
     <span class='ocr_line' id='line_1_67' title="bbox 48 1857 939 1904; baseline 0.003 -12"><span class='ocrx_word' id='word_1_408' title='bbox 48 1861 152 1892; x_wconf 90' lang='lat' dir='ltr'>tuum</span> <span class='ocrx_word' id='word_1_409' title='bbox 181 1857 473 1903; x_wconf 85' lang='lat' dir='ltr'>perturbatione,</span> <span class='ocrx_word' id='word_1_410' title='bbox 501 1858 558 1892; x_wconf 89' lang='lat' dir='ltr'>cui</span> <span class='ocrx_word' id='word_1_411' title='bbox 579 1859 730 1904; x_wconf 89' lang='lat' dir='ltr'>proinde</span> <span class='ocrx_word' id='word_1_412' title='bbox 750 1860 939 1895; x_wconf 89' lang='lat' dir='ltr'>resistitur.</span> 
     </span>
     <span class='ocr_line' id='line_1_68' title="bbox 46 1914 1100 1953; baseline 0.002 -3"><span class='ocrx_word' id='word_1_413' title='bbox 46 1926 174 1950; x_wconf 89' lang='lat' dir='ltr'>censeo</span> <span class='ocrx_word' id='word_1_414' title='bbox 203 1914 371 1949; x_wconf 88' lang='lat' dir='ltr'>ultimam</span> <span class='ocrx_word' id='word_1_415' title='bbox 399 1915 579 1950; x_wconf 87' lang='lat' dir='ltr'>rationem</span> <span class='ocrx_word' id='word_1_416' title='bbox 606 1916 830 1952; x_wconf 87' lang='lat' dir='ltr'>cohaesionis</span> <span class='ocrx_word' id='word_1_417' title='bbox 865 1918 902 1952; x_wconf 90' lang='lat' dir='ltr'>in</span> <span class='ocrx_word' id='word_1_418' title='bbox 939 1918 1100 1953; x_wconf 88' lang='lat' dir='ltr'>materia.</span> 
     </span>
     <span class='ocr_line' id='line_1_69' title="bbox 46 1972 1102 2019; baseline 0.002 -11"><span class='ocrx_word' id='word_1_419' title='bbox 46 1973 141 2008; x_wconf 85' lang='lat' dir='ltr'>Nam</span> <span class='ocrx_word' id='word_1_420' title='bbox 163 1973 257 2019; x_wconf 92' lang='lat' dir='ltr'>unci,</span> <span class='ocrx_word' id='word_1_421' title='bbox 279 1972 389 2018; x_wconf 88' lang='lat' dir='ltr'>hami,</span> <span class='ocrx_word' id='word_1_422' title='bbox 414 1975 526 2018; x_wconf 85' lang='lat' dir='ltr'>funes,</span> <span class='ocrx_word' id='word_1_423' title='bbox 551 1972 696 2009; x_wconf 86' lang='lat' dir='ltr'>tabulae</span> <span class='ocrx_word' id='word_1_424' title='bbox 716 1974 763 2009; x_wconf 94' lang='lat' dir='ltr'>ab</span> <span class='ocrx_word' id='word_1_425' title='bbox 784 1978 866 2010; x_wconf 74' lang='lat' dir='ltr'>a&#39;ere</span> <span class='ocrx_word' id='word_1_426' title='bbox 886 1976 942 2010; x_wconf 88' lang='lat' dir='ltr'>vel</span> <span class='ocrx_word' id='word_1_427' title='bbox 958 1976 1102 2010; x_wconf 85' lang='lat' dir='ltr'>aethere</span> 
     </span>
     <span class='ocr_line' id='line_1_70' title="bbox 45 2030 1101 2078; baseline 0.002 -13"><span class='ocrx_word' id='word_1_428' title='bbox 45 2041 290 2077; x_wconf 87' lang='lat' dir='ltr'>compressae,</span> <span class='ocrx_word' id='word_1_429' title='bbox 328 2030 471 2076; x_wconf 86' lang='lat' dir='ltr'>aliaque</span> <span class='ocrx_word' id='word_1_430' title='bbox 491 2031 527 2064; x_wconf 93' lang='lat' dir='ltr'>id</span> <span class='ocrx_word' id='word_1_431' title='bbox 548 2040 680 2077; x_wconf 83' lang='lat' dir='ltr'>genus,</span> <span class='ocrx_word' id='word_1_432' title='bbox 716 2033 923 2066; x_wconf 87' lang='lat' dir='ltr'>firmitatem</span> <span class='ocrx_word' id='word_1_433' title='bbox 944 2034 1101 2078; x_wconf 83' lang='lat' dir='ltr'>aliquam</span> 
     </span>
     <span class='ocr_line' id='line_1_71' title="bbox 39 2088 447 2135; baseline 0.002 -13"><span class='ocrx_word' id='word_1_434' title='bbox 39 2088 118 2132; x_wconf 88' lang='lat' dir='ltr'>jam</span> <span class='ocrx_word' id='word_1_435' title='bbox 140 2091 447 2135; x_wconf 87' lang='lat' dir='ltr'>praesupponunt.</span> 
     </span>
    </p>
   </div>
   <div class='ocr_carea' id='block_1_27' title="bbox 42 2204 593 2250">
    <p class='ocr_par' dir='ltr' id='par_1_29' title="bbox 42 2204 593 2250">
     <span class='ocr_line' id='line_1_72' title="bbox 42 2204 593 2250; baseline -0.002 -11"><span class='ocrx_word' id='word_1_436' title='bbox 42 2205 111 2240; x_wconf 84' lang='lat' dir='ltr'>nisi</span> <span class='ocrx_word' id='word_1_437' title='bbox 132 2204 292 2239; x_wconf 90' lang='lat' dir='ltr'>motibus</span> <span class='ocrx_word' id='word_1_438' title='bbox 314 2204 446 2240; x_wconf 78' lang='lat' dir='ltr'>variari</span> <span class='ocrx_word' id='word_1_439' title='bbox 467 2204 593 2250; x_wconf 90' lang='lat' dir='ltr'>possit.</span> 
     </span>
    </p>
   </div>
   <div class='ocr_carea' id='block_1_28' title="bbox 102 2262 1131 2316">
    <p class='ocr_par' dir='ltr' id='par_1_30' title="bbox 102 2262 1131 2316">
     <span class='ocr_line' id='line_1_73' title="bbox 102 2262 1131 2316; baseline 0 -18"><span class='ocrx_word' id='word_1_440' title='bbox 102 2262 338 2298; x_wconf 89' lang='lat' dir='ltr'>Occasionem</span> <span class='ocrx_word' id='word_1_441' title='bbox 359 2263 448 2297; x_wconf 88' lang='lat' dir='ltr'>mihi</span> <span class='ocrx_word' id='word_1_442' title='bbox 469 2263 615 2297; x_wconf 85' lang='lat' dir='ltr'>dederat</span> <span class='ocrx_word' id='word_1_443' title='bbox 644 2262 712 2297; x_wconf 92' lang='lat' dir='ltr'>Dn.</span> <span class='ocrx_word' id='word_1_444' title='bbox 736 2263 770 2297; x_wconf 94' lang='lat' dir='ltr'>H</span> <span class='ocrx_word' id='word_1_445' title='bbox 781 2274 802 2298; x_wconf 90' lang='lat' dir='ltr'>a</span> <span class='ocrx_word' id='word_1_446' title='bbox 811 2274 828 2298; x_wconf 88' lang='lat' dir='ltr'>r</span> <span class='ocrx_word' id='word_1_447' title='bbox 839 2265 878 2298; x_wconf 87' lang='lat' dir='ltr'>ts</span> <span class='ocrx_word' id='word_1_448' title='bbox 890 2274 911 2298; x_wconf 93' lang='grc'>0</span> <span class='ocrx_word' id='word_1_449' title='bbox 920 2274 939 2298; x_wconf 88' lang='grc'>0</span> <span class='ocrx_word' id='word_1_450' title='bbox 947 2263 973 2298; x_wconf 81' lang='lat' dir='ltr'>k</span> <span class='ocrx_word' id='word_1_451' title='bbox 984 2274 1003 2297; x_wconf 87' lang='lat' dir='ltr'>e</span> <span class='ocrx_word' id='word_1_452' title='bbox 1011 2274 1029 2298; x_wconf 93' lang='lat' dir='ltr'>r</span> <span class='ocrx_word' id='word_1_453' title='bbox 1040 2273 1061 2298; x_wconf 91' lang='lat' dir='ltr'>u</span> <span class='ocrx_word' id='word_1_454' title='bbox 1072 2274 1100 2310; x_wconf 88' lang='grc'><strong>5,</strong></span> <span class='ocrx_word' id='word_1_455' title='bbox 1129 2306 1131 2316; x_wconf 28' lang='lat' dir='ltr'><em>A</em></span> 
     </span>
    </p>
   </div>
   <div class='ocr_carea' id='block_1_29' title="bbox 42 2320 1100 2597">
    <p class='ocr_par' dir='ltr' id='par_1_31' title="bbox 42 2320 1100 2597">
     <span class='ocr_line' id='line_1_74' title="bbox 42 2320 1100 2365; baseline 0 -10"><span class='ocrx_word' id='word_1_456' title='bbox 42 2323 83 2355; x_wconf 90' lang='lat' dir='ltr'>ut</span> <span class='ocrx_word' id='word_1_457' title='bbox 112 2320 184 2355; x_wconf 86' lang='lat' dir='ltr'>tale</span> <span class='ocrx_word' id='word_1_458' title='bbox 213 2320 298 2365; x_wconf 90' lang='lat' dir='ltr'>quid</span> <span class='ocrx_word' id='word_1_459' title='bbox 325 2321 358 2355; x_wconf 90' lang='lat' dir='ltr'>ei</span> <span class='ocrx_word' id='word_1_460' title='bbox 386 2320 615 2356; x_wconf 87' lang='lat' dir='ltr'>insinuarem.</span> <span class='ocrx_word' id='word_1_461' title='bbox 678 2321 830 2356; x_wconf 82' lang='lat' dir='ltr'>Videtur</span> <span class='ocrx_word' id='word_1_462' title='bbox 857 2325 997 2356; x_wconf 89' lang='lat' dir='ltr'>motum</span> <span class='ocrx_word' id='word_1_463' title='bbox 1016 2332 1100 2356; x_wconf 88' lang='lat' dir='ltr'>con-</span> 
     </span>
     <span class='ocr_line' id='line_1_75' title="bbox 43 2378 1099 2425; baseline 0.001 -13"><span class='ocrx_word' id='word_1_464' title='bbox 43 2378 243 2424; x_wconf 86' lang='lat' dir='ltr'>spirantem</span> <span class='ocrx_word' id='word_1_465' title='bbox 279 2389 300 2412; x_wconf 91' lang='lat' dir='ltr'>a</span> <span class='ocrx_word' id='word_1_466' title='bbox 330 2389 388 2413; x_wconf 90' lang='lat' dir='ltr'>me</span> <span class='ocrx_word' id='word_1_467' title='bbox 422 2379 624 2414; x_wconf 89' lang='lat' dir='ltr'>adhibitum</span> <span class='ocrx_word' id='word_1_468' title='bbox 661 2389 734 2414; x_wconf 91' lang='lat' dir='ltr'>non</span> <span class='ocrx_word' id='word_1_469' title='bbox 762 2380 849 2414; x_wconf 86' lang='lat' dir='ltr'>satis</span> <span class='ocrx_word' id='word_1_470' title='bbox 868 2379 1099 2425; x_wconf 81' lang='lat' dir='ltr'>intellexisse,</span> 
     </span>
     <span class='ocr_line' id='line_1_76' title="bbox 45 2435 1100 2484; baseline 0.002 -14"><span class='ocrx_word' id='word_1_471' title='bbox 45 2437 139 2471; x_wconf 88' lang='lat' dir='ltr'>unde</span> <span class='ocrx_word' id='word_1_472' title='bbox 168 2436 343 2471; x_wconf 89' lang='lat' dir='ltr'>nonnulla</span> <span class='ocrx_word' id='word_1_473' title='bbox 371 2435 516 2482; x_wconf 87' lang='lat' dir='ltr'>objicit,</span> <span class='ocrx_word' id='word_1_474' title='bbox 547 2437 690 2482; x_wconf 89' lang='lat' dir='ltr'>aliaque</span> <span class='ocrx_word' id='word_1_475' title='bbox 710 2438 836 2484; x_wconf 79' lang='lat' dir='ltr'>affert,</span> <span class='ocrx_word' id='word_1_476' title='bbox 867 2437 998 2483; x_wconf 87' lang='lat' dir='ltr'>quibus</span> <span class='ocrx_word' id='word_1_477' title='bbox 1019 2448 1100 2484; x_wconf 91' lang='lat' dir='ltr'>pro-</span> 
     </span>
     <span class='ocr_line' id='line_1_77' title="bbox 43 2493 1100 2539; baseline 0.003 -12"><span class='ocrx_word' id='word_1_478' title='bbox 43 2493 154 2527; x_wconf 86' lang='lat' dir='ltr'>lixius</span> <span class='ocrx_word' id='word_1_479' title='bbox 169 2494 339 2538; x_wconf 89' lang='lat' dir='ltr'>respondi</span> <span class='ocrx_word' id='word_1_480' title='bbox 355 2504 465 2539; x_wconf 91' lang='lat' dir='ltr'>quam</span> <span class='ocrx_word' id='word_1_481' title='bbox 480 2494 720 2529; x_wconf 86' lang='lat' dir='ltr'>institueram.</span> <span class='ocrx_word' id='word_1_482' title='bbox 752 2496 893 2531; x_wconf 88' lang='lat' dir='ltr'>Curre</span> <span class='ocrx_word' id='word_1_483' title='bbox 905 2499 950 2531; x_wconf 86' lang='lat' dir='ltr'>nt</span> <span class='ocrx_word' id='word_1_484' title='bbox 961 2507 980 2530; x_wconf 92' lang='lat' dir='ltr'>e</span> <span class='ocrx_word' id='word_1_485' title='bbox 997 2506 1045 2529; x_wconf 90' lang='lat' dir='ltr'>ro</span> <span class='ocrx_word' id='word_1_486' title='bbox 1057 2498 1100 2530; x_wconf 86' lang='lat' dir='ltr'>ta</span> 
     </span>
     <span class='ocr_line' id='line_1_78' title="bbox 44 2542 889 2597; baseline 0.001 -12"><span class='ocrx_word' id='word_1_487' title='bbox 44 2561 111 2597; x_wconf 89' lang='lat' dir='ltr'>pro</span> <span class='ocrx_word' id='word_1_488' title='bbox 134 2560 268 2585; x_wconf 89' lang='lat' dir='ltr'>urceo</span> <span class='ocrx_word' id='word_1_489' title='bbox 289 2551 465 2596; x_wconf 89' lang='lat' dir='ltr'>amphora</span> <span class='ocrx_word' id='word_1_490' title='bbox 486 2552 619 2586; x_wconf 80' lang='lat' dir='ltr'>exiit.</span> <span class='ocrx_word' id='word_1_491' title='bbox 886 2542 889 2545; x_wconf 47' lang='grc'><strong>’</strong></span> 
     </span>
    </p>
   </div>
   <div class='ocr_carea' id='block_1_30' title="bbox 102 2607 1131 2657">
    <p class='ocr_par' dir='ltr' id='par_1_32' title="bbox 102 2607 1131 2657">
     <span class='ocr_line' id='line_1_79' title="bbox 102 2607 1131 2657; baseline 0.005 -16"><span class='ocrx_word' id='word_1_492' title='bbox 102 2608 206 2642; x_wconf 87' lang='lat' dir='ltr'>Hanc</span> <span class='ocrx_word' id='word_1_493' title='bbox 227 2607 419 2653; x_wconf 87' lang='lat' dir='ltr'>epistolam</span> <span class='ocrx_word' id='word_1_494' title='bbox 439 2609 486 2644; x_wconf 89' lang='lat' dir='ltr'>ad</span> <span class='ocrx_word' id='word_1_495' title='bbox 507 2612 542 2643; x_wconf 90' lang='lat' dir='ltr'>te</span> <span class='ocrx_word' id='word_1_496' title='bbox 563 2609 707 2643; x_wconf 87' lang='lat' dir='ltr'>mittere</span> <span class='ocrx_word' id='word_1_497' title='bbox 728 2609 837 2655; x_wconf 87' lang='lat' dir='ltr'>volui,</span> <span class='ocrx_word' id='word_1_498' title='bbox 860 2611 968 2646; x_wconf 88' lang='lat' dir='ltr'>etiam</span> <span class='ocrx_word' id='word_1_499' title='bbox 990 2610 1101 2654; x_wconf 85' lang='lat' dir='ltr'>utju-</span> <span class='ocrx_word' id='word_1_500' title='bbox 1130 2654 1131 2657; x_wconf 11' lang='grc' dir='ltr'><strong>Ἰ</strong></span> 
     </span>
    </p>
   </div>
   <div class='ocr_carea' id='block_1_31' title="bbox 43 2664 1101 2942">
    <p class='ocr_par' dir='ltr' id='par_1_33' title="bbox 43 2664 1101 2827">
     <span class='ocr_line' id='line_1_80' title="bbox 43 2664 1101 2713; baseline 0.005 -14"><span class='ocrx_word' id='word_1_501' title='bbox 43 2664 177 2700; x_wconf 89' lang='lat' dir='ltr'>dicium</span> <span class='ocrx_word' id='word_1_502' title='bbox 199 2669 298 2700; x_wconf 88' lang='lat' dir='ltr'>tuum</span> <span class='ocrx_word' id='word_1_503' title='bbox 320 2665 465 2701; x_wconf 89' lang='lat' dir='ltr'>subeat:</span> <span class='ocrx_word' id='word_1_504' title='bbox 495 2666 582 2701; x_wconf 87' lang='lat' dir='ltr'>Inde</span> <span class='ocrx_word' id='word_1_505' title='bbox 603 2667 633 2701; x_wconf 88' lang='lat' dir='ltr'>si</span> <span class='ocrx_word' id='word_1_506' title='bbox 654 2666 848 2713; x_wconf 85' lang='lat' dir='ltr'>videbitur,</span> <span class='ocrx_word' id='word_1_507' title='bbox 872 2665 952 2703; x_wconf 77' lang='lat' dir='ltr'>Drio</span> <span class='ocrx_word' id='word_1_508' title='bbox 973 2669 1101 2704; x_wconf 86' lang='lat' dir='ltr'>Hart-</span> 
     </span>
     <span class='ocr_line' id='line_1_81' title="bbox 45 2722 1101 2770; baseline 0.002 -12"><span class='ocrx_word' id='word_1_509' title='bbox 45 2722 239 2758; x_wconf 88' lang='lat' dir='ltr'>soekero</span> <span class='ocrx_word' id='word_1_510' title='bbox 269 2724 412 2758; x_wconf 82' lang='lat' dir='ltr'>mittere</span> <span class='ocrx_word' id='word_1_511' title='bbox 433 2724 579 2770; x_wconf 88' lang='lat' dir='ltr'>poteris.</span> <span class='ocrx_word' id='word_1_512' title='bbox 641 2724 841 2768; x_wconf 87' lang='lat' dir='ltr'>Adjunctas</span> <span class='ocrx_word' id='word_1_513' title='bbox 864 2726 974 2761; x_wconf 87' lang='lat' dir='ltr'>etiam</span> <span class='ocrx_word' id='word_1_514' title='bbox 990 2726 1037 2762; x_wconf 89' lang='lat' dir='ltr'>ad</span> <span class='ocrx_word' id='word_1_515' title='bbox 1057 2727 1101 2762; x_wconf 89' lang='lat' dir='ltr'>R.</span> 
     </span>
     <span class='ocr_line' id='line_1_82' title="bbox 43 2781 647 2827; baseline 0 -12"><span class='ocrx_word' id='word_1_516' title='bbox 43 2781 83 2815; x_wconf 89' lang='lat' dir='ltr'>P.</span> <span class='ocrx_word' id='word_1_517' title='bbox 107 2781 334 2816; x_wconf 88' lang='lat' dir='ltr'>Orbanum</span> <span class='ocrx_word' id='word_1_518' title='bbox 362 2781 534 2816; x_wconf 86' lang='lat' dir='ltr'>destinari</span> <span class='ocrx_word' id='word_1_519' title='bbox 555 2784 647 2827; x_wconf 89' lang='lat' dir='ltr'>peto.</span> 
     </span>
    </p>

    <p class='ocr_par' dir='ltr' id='par_1_34' title="bbox 47 2839 1101 2942">
     <span class='ocr_line' id='line_1_83' title="bbox 103 2839 1101 2886; baseline 0.002 -13"><span class='ocrx_word' id='word_1_520' title='bbox 103 2839 267 2874; x_wconf 85' lang='lat' dir='ltr'>Tandem</span> <span class='ocrx_word' id='word_1_521' title='bbox 308 2839 502 2886; x_wconf 84' lang='lat' dir='ltr'>aliquando</span> <span class='ocrx_word' id='word_1_522' title='bbox 543 2839 751 2873; x_wconf 88' lang='lat' dir='ltr'>absolutum</span> <span class='ocrx_word' id='word_1_523' title='bbox 793 2842 847 2874; x_wconf 87' lang='lat' dir='ltr'>est</span> <span class='ocrx_word' id='word_1_524' title='bbox 881 2840 920 2874; x_wconf 90' lang='lat' dir='ltr'>in</span> <span class='ocrx_word' id='word_1_525' title='bbox 954 2841 1101 2875; x_wconf 90' lang='lat' dir='ltr'>Batavis</span> 
     </span>
     <span class='ocr_line' id='line_1_84' title="bbox 47 2897 1100 2942; baseline 0.002 -11"><span class='ocrx_word' id='word_1_526' title='bbox 47 2897 259 2941; x_wconf 88' lang='lat' dir='ltr'>opusculum</span> <span class='ocrx_word' id='word_1_527' title='bbox 284 2907 416 2942; x_wconf 84' lang='lat' dir='ltr'>meum,</span> <span class='ocrx_word' id='word_1_528' title='bbox 438 2899 473 2931; x_wconf 88' lang='lat' dir='ltr'>et</span> <span class='ocrx_word' id='word_1_529' title='bbox 494 2907 576 2931; x_wconf 88' lang='lat' dir='ltr'>cum</span> <span class='ocrx_word' id='word_1_530' title='bbox 598 2907 663 2931; x_wconf 84' lang='lat' dir='ltr'>vos</span> <span class='ocrx_word' id='word_1_531' title='bbox 685 2897 831 2931; x_wconf 87' lang='lat' dir='ltr'>Batavis</span> <span class='ocrx_word' id='word_1_532' title='bbox 851 2897 929 2932; x_wconf 87' lang='lat' dir='ltr'>sitis</span> <span class='ocrx_word' id='word_1_533' title='bbox 951 2898 1100 2934; x_wconf 85' lang='lat' dir='ltr'>vicinio-</span> 
     </span>
    </p>
   </div>
   <div class='ocr_carea' id='block_1_32' title="bbox 46 2954 1131 3010">
    <p class='ocr_par' dir='ltr' id='par_1_35' title="bbox 46 2954 1131 3010">
     <span class='ocr_line' id='line_1_85' title="bbox 46 2954 1131 3010; baseline 0.003 -22"><span class='ocrx_word' id='word_1_534' title='bbox 46 2964 115 3000; x_wconf 86' lang='lat' dir='ltr'>res,</span> <span class='ocrx_word' id='word_1_535' title='bbox 137 2957 173 2989; x_wconf 89' lang='lat' dir='ltr'>et</span> <span class='ocrx_word' id='word_1_536' title='bbox 195 2954 232 2988; x_wconf 88' lang='lat' dir='ltr'>in</span> <span class='ocrx_word' id='word_1_537' title='bbox 253 2955 380 2989; x_wconf 87' lang='lat' dir='ltr'>crebro</span> <span class='ocrx_word' id='word_1_538' title='bbox 396 2965 477 2989; x_wconf 89' lang='lat' dir='ltr'>cum</span> <span class='ocrx_word' id='word_1_539' title='bbox 494 2954 537 2988; x_wconf 89' lang='lat' dir='ltr'>iis</span> <span class='ocrx_word' id='word_1_540' title='bbox 553 2954 782 2999; x_wconf 87' lang='lat' dir='ltr'>commercio,</span> <span class='ocrx_word' id='word_1_541' title='bbox 804 2955 908 2990; x_wconf 86' lang='lat' dir='ltr'>facile</span> <span class='ocrx_word' id='word_1_542' title='bbox 928 2967 990 3000; x_wconf 91' lang='lat' dir='ltr'>per</span> <span class='ocrx_word' id='word_1_543' title='bbox 1010 2957 1100 2991; x_wconf 88' lang='lat' dir='ltr'>ami·</span> <span class='ocrx_word' id='word_1_544' title='bbox 1128 2999 1131 3010; x_wconf 53' lang='grc'>1</span> 
     </span>
    </p>
   </div>
   <div class='ocr_carea' id='block_1_33' title="bbox 47 3010 1098 3277">
    <p class='ocr_par' dir='ltr' id='par_1_36' title="bbox 47 3010 1098 3277">
     <span class='ocr_line' id='line_1_86' title="bbox 47 3010 1098 3062; baseline 0.003 -16"><span class='ocrx_word' id='word_1_545' title='bbox 47 3022 128 3046; x_wconf 83' lang='grc'><strong>011111</strong></span> <span class='ocrx_word' id='word_1_546' title='bbox 163 3012 249 3047; x_wconf 88' lang='lat' dir='ltr'>inde</span> <span class='ocrx_word' id='word_1_547' title='bbox 269 3012 418 3047; x_wconf 87' lang='lat' dir='ltr'>habebis</span> <span class='ocrx_word' id='word_1_548' title='bbox 442 3011 608 3047; x_wconf 85' lang='lat' dir='ltr'>schedula</span> <span class='ocrx_word' id='word_1_549' title='bbox 644 3010 691 3045; x_wconf 89' lang='lat' dir='ltr'>ad</span> <span class='ocrx_word' id='word_1_550' title='bbox 712 3011 956 3057; x_wconf 87' lang='lat' dir='ltr'>Bibliopolam</span> <span class='ocrx_word' id='word_1_551' title='bbox 978 3013 1098 3062; x_wconf 87' lang='lat' dir='ltr'>missa,</span> 
     </span>
     <span class='ocr_line' id='line_1_87' title="bbox 47 3069 893 3114; baseline 0.004 -12"><span class='ocrx_word' id='word_1_552' title='bbox 47 3077 156 3112; x_wconf 87' lang='lat' dir='ltr'>quam</span> <span class='ocrx_word' id='word_1_553' title='bbox 177 3069 234 3104; x_wconf 91' lang='lat' dir='ltr'>hic</span> <span class='ocrx_word' id='word_1_554' title='bbox 253 3070 423 3114; x_wconf 87' lang='lat' dir='ltr'>adjungo.</span> <span class='ocrx_word' id='word_1_555' title='bbox 482 3069 623 3104; x_wconf 88' lang='lat' dir='ltr'>Interea</span> <span class='ocrx_word' id='word_1_556' title='bbox 645 3069 725 3103; x_wconf 79' lang='lat' dir='ltr'>vale</span> <span class='ocrx_word' id='word_1_557' title='bbox 745 3072 781 3103; x_wconf 92' lang='lat' dir='ltr'>et</span> <span class='ocrx_word' id='word_1_558' title='bbox 803 3070 893 3105; x_wconf 87' lang='lat' dir='ltr'>save.</span> 
     </span>
     <span class='ocr_line' id='line_1_88' title="bbox 105 3125 893 3163; baseline 0.001 -3"><span class='ocrx_word' id='word_1_559' title='bbox 105 3125 248 3163; x_wconf 85' lang='lat' dir='ltr'>Dabam</span> <span class='ocrx_word' id='word_1_560' title='bbox 269 3128 483 3163; x_wconf 84' lang='lat' dir='ltr'>Hanoverae</span> <span class='ocrx_word' id='word_1_561' title='bbox 509 3127 543 3161; x_wconf 89' lang='lat'>7.</span> <span class='ocrx_word' id='word_1_562' title='bbox 568 3126 744 3161; x_wconf 77' lang='lat' dir='ltr'>Novemb.</span> <span class='ocrx_word' id='word_1_563' title='bbox 772 3126 893 3161; x_wconf 82' lang='lat'>1710.</span> 
     </span>
     <span class='ocr_line' id='line_1_89' title="bbox 639 3183 890 3218; baseline 0 0"><span class='ocrx_word' id='word_1_564' title='bbox 639 3183 890 3218; x_wconf 86' lang='lat' dir='ltr'>Deditissimus</span> 
     </span>
     <span class='ocr_line' id='line_1_90' title="bbox 415 3241 981 3277; baseline 0.002 -2"><span class='ocrx_word' id='word_1_565' title='bbox 415 3242 460 3277; x_wconf 89' lang='lat' dir='ltr'>G.</span> <span class='ocrx_word' id='word_1_566' title='bbox 507 3242 550 3276; x_wconf 91' lang='lat' dir='ltr'>G.</span> <span class='ocrx_word' id='word_1_567' title='bbox 596 3241 981 3276; x_wconf 87' lang='lat' dir='ltr'>Leibnitius.</span> 
     </span>
    </p>
   </div>
   <div class='ocr_carea' id='block_1_34' title="bbox 46 2089 1132 2193">
    <p class='ocr_par' dir='ltr' id='par_1_37' title="bbox 46 2089 1132 2193">
     <span class='ocr_line' id='line_1_91' title="bbox 508 2089 1132 2134; baseline 0.005 -12"><span class='ocrx_word' id='word_1_568' title='bbox 508 2089 582 2123; x_wconf 78' lang='lat' dir='ltr'>Nec</span> <span class='ocrx_word' id='word_1_569' title='bbox 612 2092 699 2134; x_wconf 91' lang='lat' dir='ltr'>puto</span> <span class='ocrx_word' id='word_1_570' title='bbox 721 2090 831 2124; x_wconf 90' lang='lat' dir='ltr'>aliam</span> <span class='ocrx_word' id='word_1_571' title='bbox 853 2090 1031 2125; x_wconf 88' lang='lat' dir='ltr'>rationem</span> <span class='ocrx_word' id='word_1_572' title='bbox 1051 2091 1102 2125; x_wconf 91' lang='lat' dir='ltr'>ul·</span> <span class='ocrx_word' id='word_1_573' title='bbox 1130 2103 1132 2113; x_wconf 87' lang='lat'>=</span> 
     </span>
     <span class='ocr_line' id='line_1_92' title="bbox 46 2146 1131 2193; baseline 0.001 -12"><span class='ocrx_word' id='word_1_574' title='bbox 46 2147 175 2182; x_wconf 73' lang='lat' dir='ltr'>tiniam</span> <span class='ocrx_word' id='word_1_575' title='bbox 205 2146 431 2181; x_wconf 87' lang='lat' dir='ltr'>cohaesionis</span> <span class='ocrx_word' id='word_1_576' title='bbox 458 2146 558 2181; x_wconf 87' lang='lat' dir='ltr'>reddi</span> <span class='ocrx_word' id='word_1_577' title='bbox 582 2157 705 2193; x_wconf 88' lang='lat' dir='ltr'>posse,</span> <span class='ocrx_word' id='word_1_578' title='bbox 734 2158 816 2182; x_wconf 88' lang='lat' dir='ltr'>cum</span> <span class='ocrx_word' id='word_1_579' title='bbox 846 2148 1000 2183; x_wconf 86' lang='lat' dir='ltr'>materia</span> <span class='ocrx_word' id='word_1_580' title='bbox 1027 2159 1103 2184; x_wconf 92' lang='lat' dir='ltr'>non</span> <span class='ocrx_word' id='word_1_581' title='bbox 1130 2149 1131 2162; x_wconf 68' lang='lat'>¹</span> 
     </span>
    </p>
   </div>
   <div class='ocr_carea' id='block_1_35' title="bbox 1000 1854 2214 1907">
    <p class='ocr_par' dir='ltr' id='par_1_38' title="bbox 1000 1854 2214 1907">
     <span class='ocr_line' id='line_1_93' title="bbox 1000 1854 2214 1907; baseline 0.005 -12"><span class='ocrx_word' id='word_1_582' title='bbox 1000 1861 1102 1895; x_wconf 86' lang='lat' dir='ltr'>Hanc</span> <span class='ocrx_word' id='word_1_583' title='bbox 1135 1854 1136 1894; x_wconf 65' lang='grc'>1</span> <span class='ocrx_word' id='word_1_584' title='bbox 1161 1860 1237 1894; x_wconf 87' lang='lat' dir='ltr'>lum</span> <span class='ocrx_word' id='word_1_585' title='bbox 1258 1859 1558 1906; x_wconf 80' lang='lat' dir='ltr'>confugiendum,</span> <span class='ocrx_word' id='word_1_586' title='bbox 1590 1872 1662 1907; x_wconf 88' lang='lat' dir='ltr'>quo</span> <span class='ocrx_word' id='word_1_587' title='bbox 1691 1873 1809 1898; x_wconf 85' lang='lat' dir='ltr'>massa</span> <span class='ocrx_word' id='word_1_588' title='bbox 1830 1865 1924 1898; x_wconf 87' lang='lat' dir='ltr'>intra</span> <span class='ocrx_word' id='word_1_589' title='bbox 1946 1868 2061 1900; x_wconf 82' lang='lat' dir='ltr'>certos</span> <span class='ocrx_word' id='word_1_590' title='bbox 2080 1865 2214 1901; x_wconf 86' lang='lat' dir='ltr'>limites</span> 
     </span>
    </p>
   </div>
   <div class='ocr_carea' id='block_1_36' title="bbox 1134 1919 2214 1980">
    <p class='ocr_par' dir='ltr' id='par_1_39' title="bbox 1134 1919 2214 1980">
     <span class='ocr_line' id='line_1_94' title="bbox 1134 1919 2214 1980; baseline 0.006 -28"><span class='ocrx_word' id='word_1_591' title='bbox 1134 1954 1135 1980; x_wconf 18' lang='grc' dir='ltr'><em>Χ</em></span> <span class='ocrx_word' id='word_1_592' title='bbox 1161 1921 1375 1952; x_wconf 85' lang='lat' dir='ltr'>coerceatur.</span> <span class='ocrx_word' id='word_1_593' title='bbox 1392 1936 1437 1941; x_wconf 96' lang='lat'><strong>—</strong></span> <span class='ocrx_word' id='word_1_594' title='bbox 1463 1919 1551 1953; x_wconf 82' lang='lat' dir='ltr'>Cum</span> <span class='ocrx_word' id='word_1_595' title='bbox 1574 1920 1834 1968; x_wconf 84' lang='lat' dir='ltr'>Dusseldorpii,</span> <span class='ocrx_word' id='word_1_596' title='bbox 1856 1922 1893 1956; x_wconf 91' lang='lat' dir='ltr'>ni</span> <span class='ocrx_word' id='word_1_597' title='bbox 1916 1923 2034 1969; x_wconf 84' lang='lat' dir='ltr'>fallor,</span> <span class='ocrx_word' id='word_1_598' title='bbox 2056 1924 2127 1959; x_wconf 90' lang='lat' dir='ltr'>sint</span> <span class='ocrx_word' id='word_1_599' title='bbox 2149 1924 2214 1958; x_wconf 89' lang='lat' dir='ltr'>ali-</span> 
     </span>
    </p>
   </div>
   <div class='ocr_carea' id='block_1_37' title="bbox 1132 2034 1134 2048">
    <p class='ocr_par' dir='ltr' id='par_1_40' title="bbox 1132 2034 1134 2048">
     <span class='ocr_line' id='line_1_95' title="bbox 1132 2034 1134 2048; baseline 0 0"><span class='ocrx_word' id='word_1_600' title='bbox 1132 2034 1134 2048; x_wconf 85' lang='grc'>1</span> 
     </span>
    </p>
   </div>
   <div class='ocr_carea' id='block_1_38' title="bbox 1161 1974 2211 2028">
    <p class='ocr_par' dir='ltr' id='par_1_41' title="bbox 1161 1974 2211 2028">
     <span class='ocr_line' id='line_1_96' title="bbox 1161 1974 2211 2028; baseline 0.009 -21"><span class='ocrx_word' id='word_1_601' title='bbox 1161 1974 1290 2019; x_wconf 77' lang='lat' dir='ltr'>quiex</span> <span class='ocrx_word' id='word_1_602' title='bbox 1313 1974 1448 2008; x_wconf 84' lang='lat' dir='ltr'>familia</span> <span class='ocrx_word' id='word_1_603' title='bbox 1477 1976 1521 2010; x_wconf 87' lang='lat' dir='ltr'>‹le</span> <span class='ocrx_word' id='word_1_604' title='bbox 1552 1977 1682 2023; x_wconf 86' lang='lat' dir='ltr'>Spee,</span> <span class='ocrx_word' id='word_1_605' title='bbox 1713 1978 1794 2013; x_wconf 90' lang='lat' dir='ltr'>hinc</span> <span class='ocrx_word' id='word_1_606' title='bbox 1822 1980 1926 2015; x_wconf 86' lang='lat' dir='ltr'>facile</span> <span class='ocrx_word' id='word_1_607' title='bbox 1945 1981 2037 2028; x_wconf 86' lang='lat' dir='ltr'>¹sciri</span> <span class='ocrx_word' id='word_1_608' title='bbox 2066 1983 2211 2028; x_wconf 89' lang='lat' dir='ltr'>poterit,</span> 
     </span>
    </p>
   </div>
   <div class='ocr_carea' id='block_1_39' title="bbox 1132 2031 2212 2081">
    <p class='ocr_par' dir='ltr' id='par_1_42' title="bbox 1132 2031 2212 2081">
     <span class='ocr_line' id='line_1_97' title="bbox 1132 2031 2212 2081; baseline 0.008 -17"><span class='ocrx_word' id='word_1_609' title='bbox 1132 2060 1133 2078; x_wconf 28' lang='grc' dir='ltr'><strong>ἶ</strong></span> <span class='ocrx_word' id='word_1_610' title='bbox 1161 2043 1206 2065; x_wconf 88' lang='lat' dir='ltr'>an</span> <span class='ocrx_word' id='word_1_611' title='bbox 1229 2042 1300 2065; x_wconf 92' lang='lat' dir='ltr'>non</span> <span class='ocrx_word' id='word_1_612' title='bbox 1327 2031 1371 2065; x_wconf 83' lang='lat' dir='ltr'>R.</span> <span class='ocrx_word' id='word_1_613' title='bbox 1393 2031 1430 2065; x_wconf 88' lang='lat' dir='ltr'>P.</span> <span class='ocrx_word' id='word_1_614' title='bbox 1454 2033 1718 2069; x_wconf 86' lang='lat' dir='ltr'>Fridericus</span> <span class='ocrx_word' id='word_1_615' title='bbox 1746 2036 1858 2081; x_wconf 85' lang='lat' dir='ltr'>Spee</span> <span class='ocrx_word' id='word_1_616' title='bbox 1887 2047 1932 2071; x_wconf 75' lang='lat' dir='ltr'>ex</span> <span class='ocrx_word' id='word_1_617' title='bbox 1961 2038 2087 2072; x_wconf 88' lang='lat' dir='ltr'>eadem</span> <span class='ocrx_word' id='word_1_618' title='bbox 2108 2038 2212 2073; x_wconf 83' lang='lat' dir='ltr'>sami-</span> 
     </span>
    </p>
   </div>
   <div class='ocr_carea' id='block_1_40' title="bbox 1129 2118 1135 2682">
    <p class='ocr_par' dir='ltr' id='par_1_43' title="bbox 1129 2118 1135 2682">
     <span class='ocr_line' id='line_1_98' title="bbox 1129 2118 1135 2682; baseline 0 0"><span class='ocrx_word' id='word_1_619' title='bbox 1129 2118 1135 2682; x_wconf 95' lang='lat' dir='ltr'> </span> 
     </span>
    </p>
   </div>
   <div class='ocr_carea' id='block_1_41' title="bbox 1157 2089 2212 2546">
    <p class='ocr_par' dir='ltr' id='par_1_44' title="bbox 1160 2089 1790 2134">
     <span class='ocr_line' id='line_1_99' title="bbox 1160 2089 1790 2134; baseline 0.006 -11"><span class='ocrx_word' id='word_1_620' title='bbox 1160 2089 1209 2123; x_wconf 89' lang='lat' dir='ltr'>lia</span> <span class='ocrx_word' id='word_1_621' title='bbox 1230 2089 1354 2134; x_wconf 79' lang='lat' dir='ltr'>fuerit,</span> <span class='ocrx_word' id='word_1_622' title='bbox 1376 2091 1411 2122; x_wconf 87' lang='lat' dir='ltr'>et</span> <span class='ocrx_word' id='word_1_623' title='bbox 1432 2090 1526 2124; x_wconf 90' lang='lat' dir='ltr'>unde</span> <span class='ocrx_word' id='word_1_624' title='bbox 1547 2092 1655 2126; x_wconf 85' lang='lat' dir='ltr'>suerit</span> <span class='ocrx_word' id='word_1_625' title='bbox 1676 2095 1790 2127; x_wconf 82' lang='lat' dir='ltr'>ortus.</span> 
     </span>
    </p>

    <p class='ocr_par' dir='ltr' id='par_1_45' title="bbox 1157 2147 2212 2546">
     <span class='ocr_line' id='line_1_100' title="bbox 1218 2147 2212 2196; baseline 0.008 -16"><span class='ocrx_word' id='word_1_626' title='bbox 1218 2147 1389 2188; x_wconf 63' lang='lat' dir='ltr'>Pergrata</span> <span class='ocrx_word' id='word_1_627' title='bbox 1410 2151 1491 2182; x_wconf 89' lang='lat' dir='ltr'>sunt</span> <span class='ocrx_word' id='word_1_628' title='bbox 1513 2158 1604 2193; x_wconf 87' lang='lat' dir='ltr'>quae</span> <span class='ocrx_word' id='word_1_629' title='bbox 1625 2149 1668 2183; x_wconf 89' lang='lat' dir='ltr'>de</span> <span class='ocrx_word' id='word_1_630' title='bbox 1695 2150 1834 2192; x_wconf 79' lang='lat' dir='ltr'>rejectis</span> <span class='ocrx_word' id='word_1_631' title='bbox 1861 2151 2077 2196; x_wconf 89' lang='lat' dir='ltr'>quibusdam</span> <span class='ocrx_word' id='word_1_632' title='bbox 2107 2152 2212 2196; x_wconf 89' lang='lat' dir='ltr'>Baji</span> 
     </span>
     <span class='ocr_line' id='line_1_101' title="bbox 1159 2202 2211 2254; baseline 0.007 -16"><span class='ocrx_word' id='word_1_633' title='bbox 1159 2202 1468 2250; x_wconf 86' lang='lat' dir='ltr'>propositionibus</span> <span class='ocrx_word' id='word_1_634' title='bbox 1489 2215 1684 2253; x_wconf 87' lang='lat' dir='ltr'>memoras,</span> <span class='ocrx_word' id='word_1_635' title='bbox 1715 2218 1804 2253; x_wconf 88' lang='lat' dir='ltr'>quas</span> <span class='ocrx_word' id='word_1_636' title='bbox 1826 2219 1891 2254; x_wconf 80' lang='lat' dir='ltr'>ego</span> <span class='ocrx_word' id='word_1_637' title='bbox 1912 2209 2021 2244; x_wconf 84' lang='lat' dir='ltr'>ctiam</span> <span class='ocrx_word' id='word_1_638' title='bbox 2042 2208 2211 2253; x_wconf 84' lang='lat' dir='ltr'>rejecero.</span> 
     </span>
     <span class='ocr_line' id='line_1_102' title="bbox 1159 2261 2212 2311; baseline 0.006 -14"><span class='ocrx_word' id='word_1_639' title='bbox 1159 2262 1234 2297; x_wconf 78' lang='lat' dir='ltr'>Nec</span> <span class='ocrx_word' id='word_1_640' title='bbox 1254 2262 1295 2297; x_wconf 89' lang='lat' dir='ltr'>P.</span> <span class='ocrx_word' id='word_1_641' title='bbox 1317 2262 1372 2308; x_wconf 87' lang='lat' dir='ltr'>Sp</span> <span class='ocrx_word' id='word_1_642' title='bbox 1381 2261 1500 2306; x_wconf 87' lang='lat' dir='ltr'>ejum</span> <span class='ocrx_word' id='word_1_643' title='bbox 1528 2264 1691 2310; x_wconf 64' lang='lat' dir='ltr'>allegavi,</span> <span class='ocrx_word' id='word_1_644' title='bbox 1714 2266 1815 2311; x_wconf 84' lang='lat' dir='ltr'>quasi</span> <span class='ocrx_word' id='word_1_645' title='bbox 1835 2277 1931 2302; x_wconf 84' lang='lat' dir='ltr'>nova</span> <span class='ocrx_word' id='word_1_646' title='bbox 1951 2268 2044 2302; x_wconf 89' lang='lat' dir='ltr'>inter</span> <span class='ocrx_word' id='word_1_647' title='bbox 2063 2278 2127 2302; x_wconf 88' lang='lat' dir='ltr'>vos</span> <span class='ocrx_word' id='word_1_648' title='bbox 2148 2268 2212 2305; x_wconf 87' lang='lat' dir='ltr'>do-</span> 
     </span>
     <span class='ocr_line' id='line_1_103' title="bbox 1159 2320 2209 2372; baseline 0.006 -18"><span class='ocrx_word' id='word_1_649' title='bbox 1159 2322 1319 2365; x_wconf 85' lang='lat' dir='ltr'>centem,</span> <span class='ocrx_word' id='word_1_650' title='bbox 1359 2320 1420 2354; x_wconf 87' lang='lat' dir='ltr'>sed</span> <span class='ocrx_word' id='word_1_651' title='bbox 1452 2324 1624 2368; x_wconf 84' lang='lat' dir='ltr'>tanquam</span> <span class='ocrx_word' id='word_1_652' title='bbox 1652 2327 1770 2358; x_wconf 87' lang='lat' dir='ltr'>vestra</span> <span class='ocrx_word' id='word_1_653' title='bbox 1792 2325 1935 2370; x_wconf 88' lang='lat' dir='ltr'>pulchre</span> <span class='ocrx_word' id='word_1_654' title='bbox 1955 2325 2209 2372; x_wconf 83' lang='lat' dir='ltr'>explicantem.</span> 
     </span>
     <span class='ocr_line' id='line_1_104' title="bbox 1159 2379 2211 2426; baseline 0.006 -13"><span class='ocrx_word' id='word_1_655' title='bbox 1159 2379 1348 2413; x_wconf 84' lang='lat' dir='ltr'>Caeterum</span> <span class='ocrx_word' id='word_1_656' title='bbox 1383 2381 1504 2415; x_wconf 89' lang='lat' dir='ltr'>utrum</span> <span class='ocrx_word' id='word_1_657' title='bbox 1540 2380 1668 2426; x_wconf 89' lang='lat' dir='ltr'>aliquis</span> <span class='ocrx_word' id='word_1_658' title='bbox 1697 2385 1801 2417; x_wconf 72' lang='lat' dir='ltr'>extra</span> <span class='ocrx_word' id='word_1_659' title='bbox 1829 2385 1986 2418; x_wconf 87' lang='lat' dir='ltr'>vestram</span> <span class='ocrx_word' id='word_1_660' title='bbox 2014 2383 2211 2419; x_wconf 89' lang='lat' dir='ltr'>Ecclesiam</span> 
     </span>
     <span class='ocr_line' id='line_1_105' title="bbox 1157 2436 2209 2489; baseline 0.007 -19"><span class='ocrx_word' id='word_1_661' title='bbox 1157 2436 1370 2471; x_wconf 85' lang='lat' dir='ltr'>charitatem</span> <span class='ocrx_word' id='word_1_662' title='bbox 1400 2448 1522 2472; x_wconf 85' lang='lat' dir='ltr'>veram</span> <span class='ocrx_word' id='word_1_663' title='bbox 1543 2438 1676 2473; x_wconf 88' lang='lat' dir='ltr'>habere</span> <span class='ocrx_word' id='word_1_664' title='bbox 1696 2440 1828 2487; x_wconf 86' lang='lat' dir='ltr'>possit,</span> <span class='ocrx_word' id='word_1_665' title='bbox 1856 2441 1941 2476; x_wconf 87' lang='lat' dir='ltr'>facti</span> <span class='ocrx_word' id='word_1_666' title='bbox 1963 2444 2016 2476; x_wconf 87' lang='lat' dir='ltr'>est</span> <span class='ocrx_word' id='word_1_667' title='bbox 2034 2441 2209 2489; x_wconf 88' lang='lat' dir='ltr'>quaestio,</span> 
     </span>
     <span class='ocr_line' id='line_1_106' title="bbox 1158 2494 2211 2546; baseline 0.008 -19"><span class='ocrx_word' id='word_1_668' title='bbox 1158 2494 1254 2540; x_wconf 87' lang='lat' dir='ltr'>quod</span> <span class='ocrx_word' id='word_1_669' title='bbox 1276 2494 1449 2539; x_wconf 90' lang='lat' dir='ltr'>possibile</span> <span class='ocrx_word' id='word_1_670' title='bbox 1470 2497 1728 2544; x_wconf 84' lang='lat' dir='ltr'>praesumitur,</span> <span class='ocrx_word' id='word_1_671' title='bbox 1751 2498 1863 2533; x_wconf 89' lang='lat' dir='ltr'>donec</span> <span class='ocrx_word' id='word_1_672' title='bbox 1883 2499 2106 2534; x_wconf 88' lang='lat' dir='ltr'>contrarium</span> <span class='ocrx_word' id='word_1_673' title='bbox 2125 2496 2211 2546; x_wconf 72' lang='grc'><strong>1110-</strong></span> 
     </span>
    </p>
   </div>
   <div class='ocr_carea' id='block_1_42' title="bbox 1128 2553 2211 2604">
    <p class='ocr_par' dir='ltr' id='par_1_46' title="bbox 1128 2553 2211 2604">
     <span class='ocr_line' id='line_1_107' title="bbox 1128 2553 2211 2604; baseline 0.005 -17"><span class='ocrx_word' id='word_1_674' title='bbox 1128 2574 1129 2577; x_wconf 61' lang='lat'><em>=</em></span> <span class='ocrx_word' id='word_1_675' title='bbox 1161 2553 1281 2587; x_wconf 85' lang='lat' dir='ltr'>betur:</span> <span class='ocrx_word' id='word_1_676' title='bbox 1310 2562 1403 2597; x_wconf 84' lang='lat' dir='ltr'>quae</span> <span class='ocrx_word' id='word_1_677' title='bbox 1423 2553 1477 2598; x_wconf 90' lang='lat' dir='ltr'>Sp</span> <span class='ocrx_word' id='word_1_678' title='bbox 1487 2553 1549 2597; x_wconf 87' lang='lat' dir='ltr'>eji</span> <span class='ocrx_word' id='word_1_679' title='bbox 1570 2554 1724 2601; x_wconf 87' lang='lat' dir='ltr'>inedita,</span> <span class='ocrx_word' id='word_1_680' title='bbox 1747 2558 1808 2591; x_wconf 94' lang='lat' dir='ltr'>aut</span> <span class='ocrx_word' id='word_1_681' title='bbox 1831 2557 1918 2591; x_wconf 89' lang='lat' dir='ltr'>mihi</span> <span class='ocrx_word' id='word_1_682' title='bbox 1937 2568 2011 2592; x_wconf 91' lang='lat' dir='ltr'>non</span> <span class='ocrx_word' id='word_1_683' title='bbox 2033 2558 2110 2593; x_wconf 90' lang='lat' dir='ltr'>visa</span> <span class='ocrx_word' id='word_1_684' title='bbox 2131 2568 2211 2604; x_wconf 89' lang='lat' dir='ltr'>spe-</span> 
     </span>
    </p>
   </div>
   <div class='ocr_carea' id='block_1_43' title="bbox 1159 2609 2210 2718">
    <p class='ocr_par' dir='ltr' id='par_1_47' title="bbox 1159 2609 2210 2718">
     <span class='ocr_line' id='line_1_108' title="bbox 1160 2609 2210 2658; baseline 0.004 -13"><span class='ocrx_word' id='word_1_685' title='bbox 1160 2621 1239 2645; x_wconf 87' lang='lat' dir='ltr'>rare</span> <span class='ocrx_word' id='word_1_686' title='bbox 1254 2609 1380 2653; x_wconf 85' lang='lat' dir='ltr'>jubes,</span> <span class='ocrx_word' id='word_1_687' title='bbox 1409 2621 1548 2657; x_wconf 88' lang='lat' dir='ltr'>semper</span> <span class='ocrx_word' id='word_1_688' title='bbox 1569 2613 1774 2658; x_wconf 80' lang='lat' dir='ltr'>gratissima</span> <span class='ocrx_word' id='word_1_689' title='bbox 1795 2617 1910 2651; x_wconf 89' lang='lat' dir='ltr'>erunt.</span> <span class='ocrx_word' id='word_1_690' title='bbox 1973 2616 2151 2650; x_wconf 86' lang='lat' dir='ltr'>Moralem</span> <span class='ocrx_word' id='word_1_691' title='bbox 2172 2615 2210 2650; x_wconf 89' lang='lat' dir='ltr'>in</span> 
     </span>
     <span class='ocr_line' id='line_1_109' title="bbox 1159 2667 2208 2718; baseline 0.004 -17"><span class='ocrx_word' id='word_1_692' title='bbox 1159 2669 1193 2702; x_wconf 75' lang='lat' dir='ltr'>A</span> <span class='ocrx_word' id='word_1_693' title='bbox 1203 2668 1300 2702; x_wconf 88' lang='lat' dir='ltr'>dam</span> <span class='ocrx_word' id='word_1_694' title='bbox 1312 2678 1351 2712; x_wconf 85' lang='grc'>0,</span> <span class='ocrx_word' id='word_1_695' title='bbox 1383 2671 1445 2703; x_wconf 87' lang='lat' dir='ltr'>aut</span> <span class='ocrx_word' id='word_1_696' title='bbox 1465 2670 1538 2704; x_wconf 87' lang='lat' dir='ltr'>alio</span> <span class='ocrx_word' id='word_1_697' title='bbox 1561 2681 1791 2717; x_wconf 88' lang='lat' dir='ltr'>quocunque,</span> <span class='ocrx_word' id='word_1_698' title='bbox 1831 2667 1999 2718; x_wconf 87' lang='lat' dir='ltr'>peccandi</span> <span class='ocrx_word' id='word_1_699' title='bbox 2020 2673 2208 2708; x_wconf 83' lang='lat' dir='ltr'>necessita-</span> 
     </span>
    </p>
   </div>
   <div class='ocr_carea' id='block_1_44' title="bbox 1128 2718 2207 2776">
    <p class='ocr_par' dir='ltr' id='par_1_48' title="bbox 1128 2718 2207 2776">
     <span class='ocr_line' id='line_1_110' title="bbox 1128 2718 2207 2776; baseline 0.003 -17"><span class='ocrx_word' id='word_1_700' title='bbox 1128 2718 1131 2756; x_wconf 71' lang='lat'>!</span> <span class='ocrx_word' id='word_1_701' title='bbox 1160 2728 1233 2760; x_wconf 87' lang='lat' dir='ltr'>tem</span> <span class='ocrx_word' id='word_1_702' title='bbox 1254 2725 1381 2770; x_wconf 88' lang='lat' dir='ltr'>fuisse,</span> <span class='ocrx_word' id='word_1_703' title='bbox 1411 2737 1478 2770; x_wconf 83' lang='lat' dir='ltr'>ego</span> <span class='ocrx_word' id='word_1_704' title='bbox 1500 2737 1642 2773; x_wconf 90' lang='lat' dir='ltr'>quoque</span> <span class='ocrx_word' id='word_1_705' title='bbox 1662 2739 1735 2764; x_wconf 91' lang='lat' dir='ltr'>non</span> <span class='ocrx_word' id='word_1_706' title='bbox 1757 2729 1930 2776; x_wconf 83' lang='lat' dir='ltr'>dixerim,</span> <span class='ocrx_word' id='word_1_707' title='bbox 1962 2731 2022 2766; x_wconf 89' lang='lat' dir='ltr'>sed</span> <span class='ocrx_word' id='word_1_708' title='bbox 2044 2731 2109 2765; x_wconf 88' lang='lat' dir='ltr'>hoc</span> <span class='ocrx_word' id='word_1_709' title='bbox 2130 2732 2207 2764; x_wconf 88' lang='lat' dir='ltr'>tan-</span> 
     </span>
    </p>
   </div>
   <div class='ocr_carea' id='block_1_45' title="bbox 1128 2784 1131 2970">
    <p class='ocr_par' dir='ltr' id='par_1_49' title="bbox 1128 2784 1131 2970">
     <span class='ocr_line' id='line_1_111' title="bbox 1128 2784 1131 2834; baseline 0 0"><span class='ocrx_word' id='word_1_710' title='bbox 1128 2784 1131 2834; x_wconf 79' lang='grc'>1</span> 
     </span>
     <span class='ocr_line' id='line_1_112' title="bbox 1128 2835 1131 2866; baseline 0 0"><span class='ocrx_word' id='word_1_711' title='bbox 1128 2835 1131 2866; x_wconf 80' lang='lat' dir='ltr'>l</span> 
     </span>
     <span class='ocr_line' id='line_1_113' title="bbox 1128 2877 1131 2923; baseline 0 0"><span class='ocrx_word' id='word_1_712' title='bbox 1128 2877 1131 2923; x_wconf 83' lang='grc' dir='ltr'>Ι</span> 
     </span>
     <span class='ocr_line' id='line_1_114' title="bbox 1128 2925 1131 2970; baseline 0 0"><span class='ocrx_word' id='word_1_713' title='bbox 1128 2925 1131 2970; x_wconf 75' lang='lat' dir='ltr'>i</span> 
     </span>
    </p>
   </div>
   <div class='ocr_carea' id='block_1_46' title="bbox 1127 3300 1330 3339">
    <p class='ocr_par' dir='ltr' id='par_1_50' title="bbox 1127 3300 1330 3339">
     <span class='ocr_line' id='line_1_115' title="bbox 1127 3300 1330 3339; baseline 0.01 -4"><span class='ocrx_word' id='word_1_714' title='bbox 1127 3332 1130 3339; x_wconf 73' lang='grc'><strong>,</strong></span> <span class='ocrx_word' id='word_1_715' title='bbox 1159 3300 1245 3336; x_wconf 89' lang='lat' dir='ltr'>dum</span> <span class='ocrx_word' id='word_1_716' title='bbox 1265 3305 1330 3337; x_wconf 81' lang='lat' dir='ltr'>est.</span> 
     </span>
    </p>
   </div>
   <div class='ocr_carea' id='block_1_47' title="bbox 1157 2784 2206 3352">
    <p class='ocr_par' dir='ltr' id='par_1_51' title="bbox 1157 2784 2206 3352">
     <span class='ocr_line' id='line_1_116' title="bbox 1160 2784 2206 2832; baseline 0.003 -16"><span class='ocrx_word' id='word_1_717' title='bbox 1160 2787 1253 2817; x_wconf 88' lang='lat' dir='ltr'>tum:</span> <span class='ocrx_word' id='word_1_718' title='bbox 1290 2784 1530 2829; x_wconf 87' lang='lat' dir='ltr'>praevaluisse</span> <span class='ocrx_word' id='word_1_719' title='bbox 1559 2786 1595 2820; x_wconf 92' lang='lat' dir='ltr'>in</span> <span class='ocrx_word' id='word_1_720' title='bbox 1626 2797 1670 2821; x_wconf 92' lang='lat' dir='ltr'>eo</span> <span class='ocrx_word' id='word_1_721' title='bbox 1699 2788 1968 2824; x_wconf 85' lang='lat' dir='ltr'>inclinationem</span> <span class='ocrx_word' id='word_1_722' title='bbox 1998 2788 2041 2823; x_wconf 90' lang='lat' dir='ltr'>ad</span> <span class='ocrx_word' id='word_1_723' title='bbox 2062 2795 2206 2832; x_wconf 88' lang='lat' dir='ltr'>peccan-</span> 
     </span>
     <span class='ocr_line' id='line_1_117' title="bbox 1158 2841 2203 2891; baseline 0.002 -17"><span class='ocrx_word' id='word_1_724' title='bbox 1158 2841 1263 2886; x_wconf 88' lang='lat' dir='ltr'>dum,</span> <span class='ocrx_word' id='word_1_725' title='bbox 1295 2844 1331 2875; x_wconf 83' lang='lat' dir='ltr'>et</span> <span class='ocrx_word' id='word_1_726' title='bbox 1351 2841 1442 2876; x_wconf 89' lang='lat' dir='ltr'>adeo</span> <span class='ocrx_word' id='word_1_727' title='bbox 1463 2843 1888 2888; x_wconf 87' lang='lat' dir='ltr'>praedeterminationem</span> <span class='ocrx_word' id='word_1_728' title='bbox 1908 2848 2063 2891; x_wconf 88' lang='lat' dir='ltr'>aliquam</span> <span class='ocrx_word' id='word_1_729' title='bbox 2085 2843 2203 2888; x_wconf 88' lang='lat' dir='ltr'>fuisse,</span> 
     </span>
     <span class='ocr_line' id='line_1_118' title="bbox 1158 2898 2205 2950; baseline 0.002 -18"><span class='ocrx_word' id='word_1_730' title='bbox 1158 2898 1225 2932; x_wconf 88' lang='lat' dir='ltr'>etsi</span> <span class='ocrx_word' id='word_1_731' title='bbox 1242 2909 1312 2933; x_wconf 90' lang='lat' dir='ltr'>nou</span> <span class='ocrx_word' id='word_1_732' title='bbox 1322 2900 1607 2936; x_wconf 87' lang='lat' dir='ltr'>necessitantem.</span> <span class='ocrx_word' id='word_1_733' title='bbox 1638 2903 1728 2939; x_wconf 89' lang='lat' dir='ltr'>Illud</span> <span class='ocrx_word' id='word_1_734' title='bbox 1738 2915 1906 2950; x_wconf 82' lang='lat' dir='ltr'>agnosco,</span> <span class='ocrx_word' id='word_1_735' title='bbox 1925 2905 1960 2938; x_wconf 91' lang='lat' dir='ltr'>in</span> <span class='ocrx_word' id='word_1_736' title='bbox 1977 2904 2051 2936; x_wconf 90' lang='lat' dir='ltr'>Deo</span> <span class='ocrx_word' id='word_1_737' title='bbox 2068 2900 2205 2946; x_wconf 88' lang='lat' dir='ltr'>optime</span> 
     </span>
     <span class='ocr_line' id='line_1_119' title="bbox 1157 2955 2204 3008; baseline 0.001 -19"><span class='ocrx_word' id='word_1_738' title='bbox 1157 2955 1303 3003; x_wconf 76' lang='lat' dir='ltr'>agendi,</span> <span class='ocrx_word' id='word_1_739' title='bbox 1333 2957 1371 2991; x_wconf 91' lang='lat' dir='ltr'>in</span> <span class='ocrx_word' id='word_1_740' title='bbox 1399 2958 1619 2994; x_wconf 84' lang='lat' dir='ltr'>confirmatis</span> <span class='ocrx_word' id='word_1_741' title='bbox 1647 2962 1834 3008; x_wconf 84' lang='lat' dir='ltr'>spiritibus</span> <span class='ocrx_word' id='word_1_742' title='bbox 1864 2963 1953 2997; x_wconf 85' lang='lat' dir='ltr'>bene</span> <span class='ocrx_word' id='word_1_743' title='bbox 1979 2958 2106 3004; x_wconf 76' lang='lat' dir='ltr'>agendi</span> <span class='ocrx_word' id='word_1_744' title='bbox 2128 2967 2204 2991; x_wconf 90' lang='lat' dir='ltr'>mo·</span> 
     </span>
     <span class='ocr_line' id='line_1_120' title="bbox 1158 3014 2203 3055; baseline 0 -8"><span class='ocrx_word' id='word_1_745' title='bbox 1158 3014 1271 3048; x_wconf 89' lang='lat' dir='ltr'>ralem</span> <span class='ocrx_word' id='word_1_746' title='bbox 1307 3025 1383 3048; x_wconf 90' lang='lat' dir='ltr'>esse</span> <span class='ocrx_word' id='word_1_747' title='bbox 1417 3017 1675 3053; x_wconf 84' lang='lat' dir='ltr'>necessitatem.</span> <span class='ocrx_word' id='word_1_748' title='bbox 1737 3020 1782 3055; x_wconf 81' lang='lat' dir='ltr'>Et</span> <span class='ocrx_word' id='word_1_749' title='bbox 1811 3022 1847 3055; x_wconf 90' lang='lat' dir='ltr'>in</span> <span class='ocrx_word' id='word_1_750' title='bbox 1869 3018 2073 3054; x_wconf 86' lang='lat' dir='ltr'>universum</span> <span class='ocrx_word' id='word_1_751' title='bbox 2101 3024 2203 3049; x_wconf 77' lang='lat' dir='ltr'>voca-</span> 
     </span>
     <span class='ocr_line' id='line_1_121' title="bbox 1158 3071 2202 3122; baseline 0 -17"><span class='ocrx_word' id='word_1_752' title='bbox 1158 3071 1244 3106; x_wconf 89' lang='lat' dir='ltr'>bula</span> <span class='ocrx_word' id='word_1_753' title='bbox 1270 3071 1321 3106; x_wconf 89' lang='lat' dir='ltr'>ita</span> <span class='ocrx_word' id='word_1_754' title='bbox 1349 3072 1580 3119; x_wconf 87' lang='lat' dir='ltr'>interpretari</span> <span class='ocrx_word' id='word_1_755' title='bbox 1605 3077 1750 3122; x_wconf 89' lang='lat' dir='ltr'>malim,</span> <span class='ocrx_word' id='word_1_756' title='bbox 1781 3088 1826 3111; x_wconf 87' lang='lat' dir='ltr'>ne</span> <span class='ocrx_word' id='word_1_757' title='bbox 1853 3074 1937 3121; x_wconf 91' lang='lat' dir='ltr'>quid</span> <span class='ocrx_word' id='word_1_758' title='bbox 1957 3074 2202 3117; x_wconf 72' lang='lat' dir='ltr'>consequatur,</span> 
     </span>
     <span class='ocr_line' id='line_1_122' title="bbox 1157 3129 2203 3180; baseline 0.001 -18"><span class='ocrx_word' id='word_1_759' title='bbox 1157 3129 1253 3174; x_wconf 89' lang='lat' dir='ltr'>quod</span> <span class='ocrx_word' id='word_1_760' title='bbox 1282 3129 1377 3165; x_wconf 89' lang='lat' dir='ltr'>male</span> <span class='ocrx_word' id='word_1_761' title='bbox 1405 3135 1519 3167; x_wconf 89' lang='lat' dir='ltr'>sonet.</span> <span class='ocrx_word' id='word_1_762' title='bbox 1580 3133 1705 3180; x_wconf 81' lang='lat' dir='ltr'>Itaque</span> <span class='ocrx_word' id='word_1_763' title='bbox 1726 3136 1899 3180; x_wconf 82' lang='lat' dir='ltr'>praestat,</span> <span class='ocrx_word' id='word_1_764' title='bbox 1926 3138 2106 3177; x_wconf 86' lang='lat' dir='ltr'>nunquam</span> <span class='ocrx_word' id='word_1_765' title='bbox 2127 3138 2203 3163; x_wconf 86' lang='lat' dir='ltr'>mo-</span> 
     </span>
     <span class='ocr_line' id='line_1_123' title="bbox 1158 3185 2200 3232; baseline -0.001 -11"><span class='ocrx_word' id='word_1_766' title='bbox 1158 3186 1272 3221; x_wconf 85' lang='lat' dir='ltr'>ralem</span> <span class='ocrx_word' id='word_1_767' title='bbox 1292 3197 1484 3231; x_wconf 80' lang='lat' dir='ltr'>agnoscere</span> <span class='ocrx_word' id='word_1_768' title='bbox 1504 3193 1750 3226; x_wconf 85' lang='lat' dir='ltr'>necessitatem</span> <span class='ocrx_word' id='word_1_769' title='bbox 1774 3190 1841 3224; x_wconf 87' lang='lat' dir='ltr'>nisi</span> <span class='ocrx_word' id='word_1_770' title='bbox 1862 3188 1905 3222; x_wconf 91' lang='lat' dir='ltr'>ad</span> <span class='ocrx_word' id='word_1_771' title='bbox 1929 3187 2081 3232; x_wconf 88' lang='lat' dir='ltr'>bonum,</span> <span class='ocrx_word' id='word_1_772' title='bbox 2103 3185 2200 3231; x_wconf 89' lang='lat' dir='ltr'>quia,</span> 
     </span>
     <span class='ocr_line' id='line_1_124' title="bbox 1158 3237 2202 3294; baseline -0.001 -16"><span class='ocrx_word' id='word_1_773' title='bbox 1158 3253 1250 3288; x_wconf 90' lang='lat' dir='ltr'>quae</span> <span class='ocrx_word' id='word_1_774' title='bbox 1270 3237 1366 3281; x_wconf 85' lang='lat' dir='ltr'>mala</span> <span class='ocrx_word' id='word_1_775' title='bbox 1387 3250 1481 3294; x_wconf 84' lang='lat' dir='ltr'>sunt,</span> <span class='ocrx_word' id='word_1_776' title='bbox 1504 3249 1702 3294; x_wconf 81' lang='lat' dir='ltr'>sapientem</span> <span class='ocrx_word' id='word_1_777' title='bbox 1724 3258 1787 3281; x_wconf 89' lang='lat' dir='ltr'>nec</span> <span class='ocrx_word' id='word_1_778' title='bbox 1809 3247 1922 3280; x_wconf 84' lang='lat' dir='ltr'>facere</span> <span class='ocrx_word' id='word_1_779' title='bbox 1939 3255 2044 3289; x_wconf 88' lang='lat' dir='ltr'>posse</span> <span class='ocrx_word' id='word_1_780' title='bbox 2059 3243 2202 3278; x_wconf 87' lang='lat' dir='ltr'>creden-</span> 
     </span>
     <span class='ocr_line' id='line_1_125' title="bbox 1391 3301 2202 3352; baseline -0.006 -13"><span class='ocrx_word' id='word_1_781' title='bbox 1391 3303 1534 3352; x_wconf 80' lang='lat' dir='ltr'>Nescio,</span> <span class='ocrx_word' id='word_1_782' title='bbox 1554 3317 1598 3341; x_wconf 90' lang='lat' dir='ltr'>an</span> <span class='ocrx_word' id='word_1_783' title='bbox 1621 3306 1723 3340; x_wconf 86' lang='lat' dir='ltr'>aliter</span> <span class='ocrx_word' id='word_1_784' title='bbox 1743 3301 1935 3348; x_wconf 85' lang='lat' dir='ltr'>aliquando</span> <span class='ocrx_word' id='word_1_785' title='bbox 1955 3301 2093 3337; x_wconf 87' lang='lat' dir='ltr'>locutus</span> <span class='ocrx_word' id='word_1_786' title='bbox 2114 3301 2202 3345; x_wconf 62' lang='lat' dir='ltr'>sim,</span> 
     </span>
    </p>
   </div>
  </div>
 </body>
</html>
