2361 3643
2171 91 2254 132 805

164 202 221 226 ses
268 188 424 224 sciences
471 190 559 231 3885
610 184 730 232 degres
779 184 821 220 de
868 184 899 219 13
944 183 1149 234 probabilite
1172 180 1175 217 f
1207 183 1332 220 Ratio
1357 182 1610 224 sussiciens,
1641 180 1848 229 Principium
1881 179 2022 215 rationis
2052 179 2253 217 sufficientis

164 237 245 273 674.
1170 225 1174 276 l
1274 234 1337 271 833
1362 230 1404 264 ab
1430 228 1655 264 Hartsoekero
1680 229 1913 275 impugnatum
1937 228 2017 262 674.

95 282 376 319 Problemata
402 279 485 329 quid
509 280 599 316 sint?
632 282 692 321 103
724 289 840 312 eorum
866 279 1022 314 inventor
1045 275 1146 314 ibid.
1170 289 1173 318 ι
1204 276 1418 318 Reatinus,
1457 289 1498 310 an
1532 274 1716 310 realitatem
1750 274 1871 309 habeat
1895 272 1987 322 quod
2013 286 2080 308 non
2104 274 2150 309 sit
2172 274 2252 309 sub·

94 329 359 376 Progressus
383 333 570 376 perpetuus
593 326 627 359 in
652 323 778 359 mundo
805 327 883 361 150.
1170 322 1172 332 ”
1272 321 1453 360 stantiale?
1478 326 1563 364 7283
1590 321 1725 357 realitas
1739 322 2050 370 pliaeuomenorum
2070 333 2098 356 v.
2122 320 2250 356 Phae·

93 375 362 424 Propagatio
389 374 536 420 contagii
562 375 641 408 659.
1169 335 1172 421 l
1274 382 1460 405 nomena.

94 421 359 467 Propheties
383 424 558 456 comment
583 415 782 464 possibles?
806 418 886 452 449.
1169 424 1171 430 ⁴
1203 415 1346 451 Reaux
1371 422 1412 450 et
1436 415 1673 451 Nominaux
1698 420 1808 450 sectes
1835 413 1894 448 des
1909 411 2145 461 Scolastiques
2168 414 2250 450 252.

97 468 395 514 Pr·oportions
420 467 450 501 si
476 464 559 500 elles
585 469 645 498 ont
670 476 734 498 une
760 464 934 510 quantite?
960 465 1038 498 782.
1169 432 1173 502 l,
1203 461 1394 499 Riccioli
1426 461 1506 504 (Jo.
1536 462 1657 510 ssapt.)
1692 461 1734 496 de
1766 460 2009 495 variationibus
2039 459 2168 496 ordinis
2199 473 2249 495 re-

96 514 350 561 propositio
376 514 409 548 in
434 511 637 558 syllogismo
659 508 870 557 quotuplex?
900 514 960 553 133
995 507 1077 557 quid
1101 509 1146 543 sit
1170 516 1172 542 I
1271 508 1360 544 latus
1384 512 1447 551 353
1473 508 1514 543 de
1541 507 1692 543 versibus
1719 508 1847 553 proteis
1872 506 2013 542 l'uteani
2037 508 2097 544 41.

164 563 199 596 in
223 559 373 607 Logica?
396 561 454 600 21,
478 562 542 601 223
570 556 704 592 Lullius
724 555 765 590 de
784 569 900 590 eorum
920 569 1058 591 numero
1077 560 1143 597 ‘223
1171 565 1173 593 ἰ
1202 554 1336 601 Regio
1363 555 1549 590 idearum
1574 556 1654 595 445,
1679 556 1758 591 742.

1202 601 1461 649 Regiualdus
1490 602 1651 644 (Anton.)
1680 599 1804 635 relatus
1830 600 1910 636 455.

739 98 897 135 INDEX
927 96 1101 135 RERUM
1130 96 1193 133 ET
1222 93 1575 133 MATERIARUM.

164 606 246 655 quid
273 607 342 641 sint
366 605 500 640 termini
527 603 626 651 primi
653 609 688 637 et
713 604 801 639 orti?
826 608 890 644 233
929 601 1009 650 quid
1042 601 1146 637 medii
1172 600 1173 638 ἶ

164 659 197 688 et
223 651 396 700 quomodo
422 649 638 686 inveniendi?
662 650 726 690 255
763 648 804 684 de
836 662 898 684 usu
929 656 1078 684 rotarum
1110 649 1144 683 in

166 699 408 754 complexione
433 699 653 732 terminorum
677 700 735 732 28.

95 746 404 792 ΡιὊροειῑίοηε
429 744 640 790 identiques,
665 741 839 788 generales
864 750 928 777 etc.
954 744 1040 783 356.
1066 744 1145 778 379.
1174 727 1175 763 I

95 792 325 840 Propriete
351 804 390 825 ce
422 803 488 838 que
521 792 629 825 c'est'?
662 794 750 831 396;
787 789 829 824 de
858 790 943 824 Dieu
968 802 1001 824 v.
1029 789 1145 824 Dieu-

95 838 374 874 Providentia
405 836 499 884 quod
531 838 564 871 in
597 842 710 871 mente
743 836 975 882 providentia,
1013 837 1046 870 in
1073 848 1144 870 cor-

166 898 250 934 pore
275 884 381 919 satum
405 885 493 925 4463
526 882 740 931 providentia
767 883 831 918 Dei
857 887 936 918 661.

1202 649 1334 695 Regni
1361 654 1497 684 naturae
1523 655 1557 682 ct
1581 648 1712 691 gratiae
1741 645 1987 692 parallelismus
2011 646 2098 689 465,
2124 647 2204 683 467.

1201 695 1533 777 Ιίὸςηιεεᾊᾋὲευκ
1557 696 1678 741 regnes
1703 693 1764 729 des
1789 705 1907 728 causes
1932 693 2122 729 efficientes
2151 698 2185 727 et
2210 692 2249 727 11-

1201 755 1430 834 Βεὲῗερδαὶ.
1461 769 1576 827 'Silvo
1620 786 1680 821 sait
1716 785 1777 822 des
1820 784 2060 821 reflexione
2102 790 2250 820 contre

1272 835 1327 870 Le
1337 837 1346 869 i
1358 835 1376 869 b
1388 849 1406 869 n
1418 836 1462 869 iz.
1512 832 1579 869 No.
1605 832 1729 868 XLIII.

1172 879 1175 912 ἶ
1201 882 1361 927 Regius
1386 881 1427 916 do
1453 879 1564 916 modis
1588 879 1865 927 syllogismorum
1891 882 1945 915 17.

95 931 378 968 Providence.
427 930 515 966 Rien
546 943 588 965 ne
619 942 656 964 se
689 929 749 964 fait
779 942 858 964 saus
887 928 916 963 la
943 927 1147 977 providence
1174 913 1176 963 l
1203 928 1393 963 Reimeri
1423 927 1577 970 (Ilenr.).
1631 925 1755 961 Versus
1782 932 1920 971 proteus
1944 924 1988 960 de
2012 937 2097 972 pace
2121 925 2179 960 43.

166 977 208 1013 de
241 978 330 1059 lgieu
361 978 457 1043 7423!
491 975 760 1039 ¹³„Pr0Vl‘3‘jnoe
792 976 880 1012 n’est
911 988 973 1024 pas
1005 975 1148 1011 detruite

95 1072 122 1106 P
132 1078 143 1106 t
152 1038 260 1106 ⁰112?OE
271 1030 375 1106 (111111εέ
380 1027 518 1105 rretlssgis
529 1026 621 1112 11:37,
629 1026 730 1106 7ἱέ8.

96 1117 356 1153 Pul'sendorf
381 1116 490 1152 blame
522 1118 602 1153 734.

95 1164 330 1200 Puissance
361 1170 413 1198 est
445 1163 475 1198 Ia
507 1162 701 1213 possibilite
733 1162 777 1198 du
810 1162 1033 1209 clinngement
1063 1163 1148 1203 2493
1174 1150 1176 1162 Ι

1203 974 1378 1011 Relatio
1405 973 1484 1022 quid
1511 975 1556 1008 sit
1587 974 1619 1008 in
1651 974 1798 1007 numeris
1828 979 1885 1007 aut
1917 973 2104 1020 quantitate
2128 975 2171 1015 83
2207 982 2251 1005 an

1274 1022 1462 1070 requiratur
1487 1019 1527 1054 ad
1554 1019 1828 1056 distinctionem?
1853 1020 1933 1054 440.

1175 1081 1177 1110 J
1204 1067 1430 1104 Relations
1463 1073 1540 1101 sont
1566 1065 1626 1100 des
1651 1067 1905 1111 comparaisons
1930 1077 1974 1099 ou
1999 1063 2059 1098 des
2085 1075 2253 1098 concours

1273 1119 1359 1156 2323
1397 1120 1475 1148 sont
1514 1112 1574 1147 des
1605 1115 1695 1148 ctres
1727 1112 1768 1146 de
1800 1113 1912 1146 raison
1945 1115 2030 1149 2762
2068 1107 2253 1144 naturellcs

1274 1161 1442 1208 cliangent
1467 1158 1630 1208 quelques
1654 1158 1719 1194 sois
1746 1171 1806 1206 par
1832 1156 1880 1192 les
1905 1170 2040 1192 moeurs
2063 1160 2143 1192 286.

166 1212 276 1246 active
309 1210 397 1245 n’est
428 1223 495 1258 que
529 1210 613 1244 dans
639 1209 689 1244 les
714 1209 921 1244 entelechies
946 1212 1034 1249 251;
1069 1222 1147 1243 con·
1174 1207 1175 1243 I
1205 1208 1378 1254 Religio
1413 1220 1478 1241 non
1511 1213 1562 1241 est
1588 1218 1663 1240 vera
1690 1218 1775 1254 quae
1801 1218 1877 1239 cum
1903 1203 2142 1239 demonstratis
2167 1202 2251 1237 veri-

166 1258 251 1292 tient
283 1259 314 1291 13
348 1256 514 1292 tendance
548 1257 643 1292 outre
674 1255 707 1291 la
733 1256 857 1292 laculte
882 1260 968 1299 2713
1007 1262 1059 1290 est
1084 1268 1148 1291 une
1174 1266 1177 1272 ·

1176 1302 1443 1355 ,Reman-*que
1480 1300 1529 1334 de
1567 1299 1634 1334 mr.
1668 1297 1850 1333 Leibniz
1888 1303 2041 1331 contre
2078 1294 2143 1330 les
2173 1293 2250 1330 Me·

166 1304 293 1352 qualite
319 1303 432 1338 reelle.
459 1302 560 1338 ibid.

94 1350 299 1386 Punctum
337 1350 479 1397 physice
517 1349 739 1391 indivisibile,
772 1349 1004 1397 metaphysice
1034 1347 1148 1383 divisi·
1176 1359 1177 1384 ξ

166 1396 233 1432 bile
265 1398 347 1444 quid
380 1399 447 1431 sit?
478 1398 569 1439 454;
618 1410 656 1431 an
689 1399 733 1431 sit
764 1410 843 1444 pars
876 1397 1033 1430 materiae
1064 1397 1148 1435 4565
1176 1394 1177 1398 ¹

165 1443 341 1491 quomodo
369 1443 457 1478 datis
490 1445 624 1489 punctis
656 1444 808 1478 extensio
840 1442 916 1477 data
950 1444 1022 1478 sit?
1058 1444 1148 1487 7403

164 1497 290 1536 puncta
316 1491 455 1524 zenonia
480 1489 560 1537 quid
586 1491 675 1525 sint?
702 1492 780 1525 742.

93 1534 302 1570 Punition
335 1537 364 1570 si
396 1535 461 1570 elle
494 1550 511 1569 a
544 1535 611 1570 lieu
646 1537 755 1582 quand
789 1535 854 1571 elle
887 1549 928 1569 ne
959 1542 1030 1570 sert
1063 1537 1149 1583 pas?

164 1582 251 1622 521,
278 1584 366 1623 522,
401 1584 489 1621 5403
527 1580 600 1616 doit
625 1584 697 1617 etre
723 1583 830 1617 evitee
854 1584 883 1616 si
909 1582 980 1616 cela
1007 1595 1043 1616 se
1070 1588 1149 1629 peut

163 1629 250 1669 5403
282 1626 445 1661 naturelle
470 1630 550 1665 533,
575 1629 662 1667 5403
697 1628 819 1663 cachee
844 1630 930 1670 5355
967 1641 1002 1662 sa
1029 1629 1150 1673 justice

164 1687 206 1708 ue
231 1672 364 1719 depend
392 1686 452 1720 pas
479 1673 520 1707 de
541 1672 695 1718 l'origine
716 1673 758 1708 de
780 1673 808 1708 la
831 1674 1048 1708 meclmncete
1069 1677 1147 1710 583.

94 1719 310 1754 Puteanus
337 1719 486 1766 (Eryc.)

164 1768 225 1807 353
264 1764 307 1799 de
339 1767 486 1800 carmine
521 1765 615 1800 Publ.
645 1766 769 1813 Porpln.
798 1766 978 1815 Optationi
1005 1771 1066 1809 383
1106 1766 1148 1800 (Ie

164 1812 318 1846 versibus
350 1813 481 1857 proteis
512 1814 574 1856 405
613 1812 806 1859 exemplum
845 1814 879 1848 in
911 1812 1075 1848 honorem
1106 1813 1147 1849 B.

165 1857 207 1894 V.
234 1857 360 1894 mariae
384 1860 440 1895 41.

590 2004 651 2059 (ρ.

93 2089 370 2136 Quadrature
396 2090 440 2124 du
467 2088 575 2124 cercle
601 2090 680 2125 345.

94 2135 296 2184 Qualitas
321 2138 408 2170 entis
434 2135 515 2183 quid
540 2138 610 2171 sit?
636 2141 673 2177 83
706 2134 886 2183 qualitates
911 2137 1039 2182 primae
1065 2134 1146 2183 quid

164 2184 233 2218 sint
258 2184 290 2216 in
317 2182 514 2217 elementis?
543 2186 594 2217 12.

94 2227 295 2276 Qualites
329 2230 515 2274 premieres
544 2236 626 2264 sont
657 2227 875 2275 intelligibles
906 2234 993 2267 231;
1028 2241 1147 2263 secon-
1175 2238 1177 2246 ¹

164 2275 243 2310 des.
275 2288 318 2310 ou
345 2278 419 2310 n'en
447 2290 464 2309 a
493 2288 556 2321 que
582 2275 642 2310 des
667 2275 761 2311 idees
792 2275 951 2310 confusos
976 2278 1061 2316 2313
1099 2273 1147 2310 les
1176 2297 1177 2315 ;

1208 2324 1460 2371 Reprouves
1492 2327 1662 2356 comment
1688 2318 1729 2354 ils
1761 2318 1900 2353 doivent
1926 2317 2015 2364 prier
2040 2314 2136 2349 selon
2161 2312 2253 2362 quel-

164 2322 310 2370 qualites
335 2321 396 2356 des
422 2321 587 2357 monades
612 2324 691 2359 705.

139 2368 343 2411 uantitas,
367 2369 441 2413 ejus
467 2367 620 2403 definitio
646 2373 679 2403 8.

93 2370 314 2461 guantite.
373 2414 420 2449 La
454 2416 607 2463 quantite
647 2415 689 2449 de
721 2421 938 2449 mouvement
970 2416 1055 2448 n'est
1088 2427 1149 2461 pas

165 2459 197 2494 la
223 2461 374 2508 quantite
407 2461 449 2495 de
480 2461 619 2496 l'actiou
651 2463 793 2496 metrice
822 2466 903 2501 19:³3
943 2459 972 2494 Ia
998 2461 1148 2508 quanlite
1176 2494 1177 2502 ¹

163 2506 207 2541 de
246 2506 340 2541 force
377 2508 461 2543 n'est
498 2521 560 2556 pas
597 2507 628 2542 Ia
670 2509 820 2555 quantite
859 2508 902 2543 de
934 2513 1150 2543 mouvemcut

164 2554 247 2595 105,
275 2557 352 2588 109.

93 2598 363 2646 Quesnellus
388 2598 513 2636 relatus
537 2601 620 2637 439.

587 2745 649 2791 R.

94 2830 254 2866 Raison
281 2846 319 2867 ce
344 2845 410 2880 que
437 2832 520 2866 e'est
545 2837 632 2872 393;
663 2830 705 2865 de
738 2844 776 2866 ce
801 2832 858 2879 qui
884 2838 935 2865 est
961 2844 1002 2865 au
1028 2830 1147 2865 (lessus

163 2876 207 2912 (Ie
232 2877 264 2912 Ia
291 2880 404 2914 raison
429 2880 510 2921 402,
536 2881 616 2919 479,
641 2880 721 2921 486,
746 2881 826 2918 495,
852 2880 942 2921 4965
975 2884 1146 2912 comment
1173 2902 1175 2906 .

162 2924 338 2959 conforme
363 2937 445 2959 avec
471 2924 501 2958 la
528 2925 598 2962 soi?
623 2927 692 2961 479
718 2926 772 2969 (ν.
800 2925 1055 2967 Discours),
1082 2925 1144 2958 rai-
1172 2921 1175 2959 :¹

163 2981 227 3002 son
252 2969 496 3005 determinante
527 2984 565 3005 se
598 2978 716 3006 trouve
748 2977 885 3017 partou't
909 2973 994 3013 5153
1033 2972 1144 3005 raison

164 3019 217 3048 est
248 3027 289 3049 en
315 3016 404 3049 Dieu
433 3017 672 3052 eminemment
695 3020 782 3057 563;
818 3017 974 3052 combien
1007 3016 1036 3051 lc
1063 3017 1141 3051 bon-
1173 3050 1176 3063 ‚

167 3059 250 3095 heur
275 3060 305 3094 la
333 3064 460 3105 passe?
485 3066 564 3101 596,
588 3066 674 3104 597·.
711 3065 843 3099 raisons
863 3070 897 3097 et
918 3063 1034 3097 motifs
1054 3077 1144 3097 com-

522 1719 564 1753 de
589 1720 834 1755 variationibus
864 1719 993 1754 ordinis
1023 1719 1148 1754 relatus
1178 1716 1179 1720 ¹

1274 1255 1400 1289 tatibus
1426 1260 1556 1299 pugnat
1582 1256 1658 1288 111.

1275 1360 1430 1382 morres
1477 1346 1525 1381 de
1571 1345 1769 1380 Trevoux
1808 1343 1871 1379 No.
1906 1342 2066 1385 LXVll.3
2103 1354 2173 1376 sur
2207 1354 2251 1375 sa

1275 1393 1523 1430 The'odicee
1567 1392 1632 1427 150.
1672 1390 1836 1435 LXXV,
1885 1402 1955 1424 sur
1992 1389 2029 1423 13
2071 1388 2251 1423 sixieme

1276 1440 1406 1476 lettre
1433 1438 1777 1488 philosophique
1803 1446 1866 1472 etc.
1894 1436 1957 1472 No.
1986 1433 2180 1471 LXXXIII.

1205 1488 1529 1525 Reminiscence
1554 1486 1595 1519 de
1623 1484 1741 1520 Platon
1768 1485 1890 1530 rejetee
1915 1494 1977 1529 par
2003 1482 2142 1516 Leibniz
2165 1485 2252 1522 2093

1274 1540 1494 1579 surprenante
1519 1532 1560 1568 de
1586 1531 1680 1567 Llric
1706 1530 1905 1576 Sclitiuberg
1930 1536 1964 1564 et
1987 1527 2081 1564 Jules
2101 1525 2254 1574 Scaliger

1275 1586 1363 1624 2213
1389 1594 1426 1615 ce
1452 1593 1518 1629 que
1543 1579 1646 1613 c'est‘?
1671 1579 1748 1614 245.

1206 1628 1486 1676 Ιίέρρτῐοίτεε
1512 1626 1612 1661 utiles
1639 1628 1715 1666 166,
1748 1625 1820 1662 174,
1846 1625 1924 1659 417.

1206 1674 1419 1723 Replique
1463 1673 1510 1707 de
1548 1672 1617 1707 mr.
1656 1670 1840 1706 Leibniz
1883 1682 1960 1704 aux
2004 1667 2254 1714 objections

1278 1721 1327 1755 de
1352 1721 1421 1756 mr.
1450 1719 1591 1762 Bayle.
1619 1716 1684 1752 No.
1712 1715 1819 1752 LVII.

1206 1767 1406 1813 Reponse
1432 1765 1479 1799 de
1507 1764 1700 1800 Fon-:her
1725 1766 1741 1797 ὸ
1768 1762 1949 1797 Leibniz
1974 1758 2173 1798 XXXV11.;
2204 1757 2254 1792 de

1277 1813 1459 1849 Leibniz
1498 1824 1574 1846 aux
1612 1810 1861 1855 objections
1906 1807 1957 1842 du
1995 1806 2101 1842 Pete
2139 1804 2253 1840 Lami

1275 1859 1403 1896 LXIX.

1207 1907 1350 1952 Repos
1383 1905 1470 1940 n⁷est
1501 1907 1623 1952 qu'une
1656 1903 1823 1949 privatiou
1853 1900 1895 1935 de
1929 1904 2146 1934 mouvrment
2170 1901 2253 1935 231;

1277 1966 1312 1987 sa
1340 1964 1440 1986 cause
1466 1958 1516 1985 est
1541 1952 1689 1998 positive
1715 1954 1807 1991 ‘2315
1834 1947 1885 1982 s‘il
1912 1960 1933 1993 y
1961 1960 2000 1980 en
2029 1945 2066 1978 a?
2091 1948 2175 1985 676,-
2202 1942 2254 1977 s'it

1277 2012 1297 2044 y
1325 2012 1340 2032 a
1368 1997 1451 2032 dans
1482 1996 1513 2030 le
1544 2009 1646 2043 repos
1677 2001 1794 2030 autaut
1825 1994 1866 2028 de
1895 1994 1988 2027 force
2021 2005 2085 2038 que
2115 1990 2200 2025 daus
2223 1988 2255 2023 le

1277 2045 1517 2079 tumueruent?
1542 2044 1622 2078 684.

1208 2088 1546 2139 Represantatif.
1585 2088 1706 2135 Qu'est
1732 2101 1769 2122 ce
1797 2099 1860 2134 que
1885 2088 1968 2120 c'est
1993 2097 2056 2130 que
2082 2082 2113 2117 la
2139 2088 2257 2118 nature

1276 2137 1540 2183 represantative
1564 2134 1625 2170 des
1650 2134 1779 2169 unites?
1813 2137 1895 2174 127,
1920 2145 1950 2166 v.
1979 2143 2106 2178 perce
2118 2130 2254 2177 ption3

1276 2197 1338 2231 pas
1371 2190 1459 2218 cette
1489 2188 1606 2217 nature
1637 2180 1688 2216 les
1712 2181 1910 2215 substances
1933 2184 2012 2211 sont
2036 2176 2097 2210 des
2122 2175 2256 2209 miroirs

1278 2229 1375 2265 actifs
1408 2231 1492 2270 1843
1531 2228 1629 2262 l'amc
1660 2228 1855 2276 repre'serite
1878 2224 2040 2259 l'uuivers
2064 2221 2162 2257 selon
2191 2233 2255 2256 sou

1278 2278 1375 2326 point.
1401 2275 1442 2310 de
1469 2289 1530 2310 vue
1558 2278 1633 2310 187.

1279 2383 1362 2418 ques
1386 2371 1474 2404 uns?
1499 2371 1586 2409 5853
1610 2368 1739 2412 prietes
1766 2378 1851 2411 pour
1875 2376 1940 2398 eux
1965 2362 2068 2397 ibid.
2208 2407 2214 2414 .

1208 2418 1290 2452 Res
1328 2429 1468 2463 quarum
1513 2414 1633 2448 dantur
1668 2413 1801 2447 termini
1838 2412 1871 2445 in
1904 2410 2176 2458 propositionem
2206 2419 2255 2441 ln-

1277 2463 1468 2508 gredientcs
1493 2460 1665 2510 quomodo
1691 2458 1905 2494 dividantur?
1935 2461 1986 2491 13.

1210 2509 1504 2545 Resistentiae
1531 2507 1733 2553 principium
1760 2505 1896 2539 ubinam
1921 2505 1984 2538 sit?
2012 2506 2091 2537 739.

1176 2568 1178 2596 ἶ
1210 2557 1468 2592 Resistance
1502 2555 1564 2588 des
1596 2566 1700 2598 corps
1731 2551 1809 2585 d'oh
1841 2549 1906 2584 elle
1938 2549 2051 2585 vient?
2082 2551 2166 2587 2283
2202 2550 2254 2579 est

1277 2616 1341 2637 une
1367 2602 1545 2650 puissance
1571 2601 1705 2645 passive
1730 2599 1810 2633 249.

1176 2639 1178 2680 ἶ
1209 2647 1430 2685 ltoberval
1456 2648 1521 2682 cite
1548 2651 1625 2682 190.
1990 2668 1995 2670 ἡ

1176 2694 1177 2697 “
1208 2696 1349 2731 Rotae
1374 2694 1607 2729 concentricae
1634 2693 1666 2727 in
1693 2697 1763 2726 arte
1788 2688 2031 2725 combinatoria
2057 2690 2111 2720 28.

1208 2743 1421 2787 Royaume
1447 2740 1490 2774 de
1518 2740 1615 2775 Dieu.
1641 2752 1677 2773 sa
1703 2736 1870 2783 grandeur
1895 2739 1973 2778 509,
1999 2737 2078 2775 538,
2102 2732 2179 2767 541.

1208 2787 1446 2823 lincolinus
1471 2784 1704 2822 Nominalismi
1731 2790 1827 2818 autor
1852 2787 1906 2818 69.

1206 2835 1386 2871 Ruizius
1411 2833 1454 2869 de
1479 2833 1554 2869 Deo
1581 2832 1711 2881 optima
1735 2830 1882 2877 eligente
1905 2829 1984 2864 081.

1704 2987 1754 3032 S.

165 3113 258 3142 ment
282 3106 464 3141 different?
491 3110 576 3149 763,
602 3111 687 3148 7645
713 3111 784 3142 rien
810 3111 952 3144 u‘arrive
977 3123 1056 3144 sans
1082 3123 1146 3144 une
1205 3111 1483 3146 Sacorierius
1508 3109 1551 3144 de
1576 3107 1821 3144 mathematicis
1846 3101 1971 3136 relatus
1996 3103 2075 3134 689.

164 3154 277 3188 raison
302 3152 476 3188 suffisante
501 3155 581 3196 751,
606 3156 686 3195 752,
710 3158 798 3197 7783
829 3156 858 3188 si
884 3154 915 3188 la
940 3155 1063 3201 simple
1088 3168 1144 3188 vo-

166 3196 259 3234 lonte
283 3199 326 3234 de
343 3199 429 3234 DIcu
449 3206 501 3234 est
520 3213 584 3234 une
606 3201 718 3234 raison
737 3200 937 3236 suffisante?
962 3204 1041 3244 753,
1067 3203 1146 3238 761.

94 3243 367 3282 namonedae
391 3247 558 3282 sententia
583 3245 626 3282 de
652 3248 820 3294 principio
847 3246 1014 3284 individui
1038 3253 1070 3284 2.

1206 3157 1399 3202 Sagesse.
1452 3154 1571 3189 Dela
1598 3164 1775 3197 sagesse
1802 3148 1866 3184 No.
1892 3145 2074 3182 LXXIX.;
2113 3154 2153 3197 ce
2187 3153 2250 3187 que

1278 3204 1382 3237 c'est?
1408 3206 1494 3241 3293
1525 3214 1561 3235 sa
1587 3200 1727 3234 hauteur
1754 3197 1841 3239 543,
1867 3195 1951 3235 5593
1988 3205 2019 3228 v.
2045 3187 2249 3228 meilleur.

1176 3249 1410 3297 Ὶ,83111ῑὲιὸ
1434 3247 1477 3284 de
1501 3248 1590 3284 Dieu
1615 3248 1692 3282 549.

1751 3328 1825 3363 102
