2361 3643
143 140 229 185 442

142 245 307 282 Fortasse
329 245 446 276 tamen
469 239 683 276 laudabilior
702 239 782 285 crit,
811 238 871 285 qui
891 249 913 273 a
933 250 995 274 sua
1016 242 1117 285 parte
1137 241 1190 275 fa·

141 304 222 348 ciet,
251 299 414 347 quamvis
442 301 565 333 mutua
592 297 796 333 humanitas
824 308 898 333 non
933 298 1117 333 reddatur:
1154 302 1189 334 et

141 359 316 405 religiosis
335 357 551 403 homiuibus,
574 357 648 392 imo
663 357 832 391 virtutem
852 357 1051 393 colentibus
1073 357 1189 393 0111111-

142 420 220 465 bus,
242 417 377 451 dictum
397 428 463 460 ego
485 419 609 462 putem
630 415 718 451 illud
738 415 1065 462 virgilianum,

173 477 321 521 »Tuque
341 475 451 522 prior,
474 478 511 510 tu
533 486 650 521 parce,
674 485 782 519 genus
798 474 857 521 qui
874 475 973 510 ducis
989 475 1158 522 Olympo,

172 533 335 577 »Projice
356 534 426 569 tela
446 544 567 581 manu,
589 546 674 580 san&r
688 534 731 570 iis
752 544 862 569 meus.

139 595 252 630 Porro
279 603 370 638 quae
391 593 436 628 ad
463 593 670 630 irrisionem
690 593 837 640 faciunt,
866 593 991 640 pejora
1011 592 1114 628 dictis
1134 591 1188 627 in-

135 651 284 698 juriosis
319 663 467 697 censeo,
513 665 597 688 nam
633 653 747 697 magis
787 653 970 699 mordent,
1006 655 1042 686 et
1069 652 1187 686 minus

140 712 242 747 facile
262 710 498 757 depelluntur.
546 712 814 748 persecutiones
833 714 953 746 autem
975 711 1022 747 ob
1046 714 1188 745 senten-

139 772 218 816 tias,
248 781 338 816 quae
363 770 516 806 crimina
536 783 610 807 11011
631 772 770 814 docent,
799 770 971 817 pessimas
999 781 1137 815 censeo,
1166 780 1187 803 a

138 830 266 876 quibus
295 841 366 864 non
395 832 535 866 tantum
561 830 814 866 abstinendum
841 829 887 863 sit
908 829 1042 875 probis,
1071 828 1131 864 scd
1153 830 1189 862 et

137 888 424 933 abliorrendumg
454 894 489 925 et
516 890 554 925 in
585 890 621 925 id
650 889 901 931 laborandum,
929 891 968 923 ut
987 888 1062 934 alii,
1093 886 1189 933 apud

138 960 228 994 quos
250 947 355 982 nobis
377 948 497 993 aliqua
517 953 570 985 est
589 949 776 993 autoritas,
797 948 843 983 ab
865 947 908 982 iis
930 947 1186 982 deterreantur.

138 1008 302 1043 Honores
322 1010 358 1042 et
372 1009 574 1055 commoda,
597 1019 688 1055 quae
703 1019 776 1042 non
791 1007 977 1053 debentur,
998 1006 1042 1041 iis
1059 1016 1188 1050 negare

137 1244 203 1279 hue
224 1245 327 1278 malis
348 1246 495 1292 saevire,
524 1246 735 1291 permissum
763 1255 836 1279 non
857 1246 956 1290 puto.
1001 1242 1094 1284 Quid
1122 1242 1188 1277 hoe

136 1303 233 1338 enim
261 1303 359 1337 aliud
386 1308 451 1351 est,
481 1315 590 1350 quam
616 1304 809 1339 violentiae
830 1314 951 1348 genus,
976 1313 997 1336 a
1018 1313 1089 1348 quo
1118 1301 1187 1336 nisi

137 1374 199 1409 per
219 1362 354 1397 crimen
377 1357 594 1409 (abjurando
615 1374 704 1410 quae
733 1374 817 1398 vera
838 1362 958 1409 putas)
991 1364 1087 1396 tutus
1109 1372 1186 1396 csse

136 1432 210 1456 non
231 1421 368 1467 possis?
400 1420 523 1469 Itaque
539 1426 672 1469 quanto
688 1422 837 1469 quisque
853 1420 1061 1467 meliorest,
1084 1423 1186 1455 tanto

137 1480 250 1527 magis
273 1481 338 1514 sub
360 1480 424 1516 hae
445 1482 637 1526 tyrannide
658 1482 813 1517 laborat.
856 1481 902 1515 Et
929 1491 1014 1515 sane
1045 1480 1075 1514 si
1097 1479 1184 1513 1111111

136 1543 224 1575 esset
248 1540 395 1575 facultas
415 1541 664 1588 persuadendi,
693 1540 1010 1575 Gerberonins
1031 1543 1065 1573 ct
1087 1538 1184 1572 simi-

135 1600 186 1634 les
207 1599 417 1645 plenissima
446 1600 610 1635 libertate
638 1602 849 1635 fruerentur.
894 1599 965 1634 Fac
986 1596 1101 1643 (quod
1123 1597 1185 1631 ob-

131 1653 229 1705 jicis)
256 1659 436 1694 redituros
464 1659 500 1694 in
528 1660 713 1705 antiquam
743 1659 903 1703 sylvani,
932 1658 987 1691 sac,
1016 1656 1183 1701 scribere,

136 1718 190 1752 sac
211 1718 301 1752 tueri
325 1718 558 1763 sententiam,
589 1718 712 1764 aequis
731 1717 853 1763 armis,
877 1727 949 1751 non
968 1716 1001 1750 vi
1017 1718 1183 1761 metuque

135 1787 274 1811 errores
296 1776 456 1811 subverti
477 1777 617 1813 debent.
662 1778 740 1812 Imo
768 1778 822 1811 fac
852 1778 949 1810 stare
969 1786 1116 1819 errores,
1149 1773 1184 1808 id

135 1835 248 1869 levius
279 1835 315 1870 in
344 1836 475 1871 talibus
502 1839 557 1871 est
583 1836 731 1882 malum,
763 1846 872 1882 quam
900 1835 949 1869 sic
977 1834 1045 1880 agi.
1091 1833 1185 1874 Quin

137 1893 269 1929 cadunt
304 1895 511 1941 plerumque
546 1895 696 1941 neglecti
732 1894 871 1930 facilius
906 1904 1013 1939 quam
1055 1892 1185 1938 pressi:

137 1953 265 1988 Nullus
286 1952 390 1988 hodie
412 1958 516 2002 esset,
537 1965 642 2000 quem
664 1954 812 1999 vocatis,
843 1952 1185 1997 Jansenismus,

677 146 790 182 LXlI.
851 146 920 181 AD
950 145 1037 180 DES
1067 145 1230 182 ssOSSEs
1260 146 1522 183 EPISTOLAE
1552 148 1579 183 Ι.
1604 167 1654 173 ——
1679 149 1773 185 Vlll.

1245 252 1317 287 quo
1332 242 1419 286 sato,
1439 243 1478 275 ut
1493 240 1706 286 reprehensa
1722 242 1794 277 sint
1808 246 1978 289 tanquam
1993 246 2014 281 J
2021 256 2041 280 a
2053 257 2076 281 n
2087 257 2159 281 sen
2170 246 2180 280 i
2191 258 2212 281 a
2222 257 2270 281 na
2281 273 2291 293 ,

1245 310 1335 346 quae
1356 298 1462 345 1111111,
1492 301 1531 334 ut
1554 309 1676 334 verum
1697 300 1830 347 fatear,
1856 302 2104 341 Jansenius
2132 305 2292 341 docuisse

1246 369 1319 393 non
1342 357 1503 393 videtur:
1535 369 1618 394 nain
1639 358 1718 404 plus
1747 359 1907 405 simplice
1928 361 2002 398 vice
2023 368 2249 411 protestatur,
2271 376 2294 400 a

1247 428 1285 452 se
1306 420 1341 452 et
1361 417 1623 462 Augustino
1645 417 1819 452 vocabula
1840 417 2026 467 libertatis,
2061 424 2293 470 necessitatiS,

1246 475 1507 523 possibilitatis,
1529 475 1829 522 impossibilitatis
1850 477 1955 521 longe
1974 479 2046 513 alio
2066 492 2167 517 sensu
2188 483 2293 529 sumi,

1246 546 1355 581 quam
1382 533 1445 580 qui
1479 534 1515 569 in
1542 535 1671 570 scholis
1699 539 1752 570 est
1780 538 1964 581 receptus,
2001 536 2038 570 in
2065 548 2136 583 quo
2162 540 2293 577 Theses

1245 597 1403 640 receptas
1424 605 1460 628 se
1481 604 1551 628 non
1572 605 1700 640 negare
1720 594 1782 640 ait,
1813 594 1872 629 sed
1890 598 2011 630 tamen
2033 595 2076 630 de
2096 596 2139 631 iis
2159 608 2222 634 nec
2242 602 2292 635 la-

1216 700 1218 708 y
1246 655 1385 688 borare.
1418 652 1542 698 Itaque
1561 664 1687 688 vereor
1708 664 1751 687 ne
1773 652 1874 688 irrita
1895 653 1966 688 sint
1988 654 2049 688 illa
2066 655 2236 693 Vaticana
2258 658 2294 693 in

136 2012 203 2047 nisi
225 2015 364 2047 tantum
393 2018 516 2048 contra
544 2012 751 2048 Jansenii
778 2022 868 2057 opus
904 2011 1093 2058 strepitum
1125 2010 1186 2044 110-
1215 2028 1217 2047 1

136 2071 251 2106 mines
272 2072 393 2107 infesti
413 2072 640 2118 excitassent,
663 2071 792 2117 quibus
808 2070 985 2116 factionis,
1007 2080 1080 2105 non
1095 2068 1185 2103 veri-

137 2130 221 2165 tatis
254 2141 340 2166 cura
374 2133 461 2166 erat.
530 2130 739 2166 Janscnii
775 2129 1079 2173 Augustinum
1122 2127 1187 2163 ali-

135 2190 279 2235 quando
300 2200 372 2224 non
394 2189 471 2224 sine
491 2201 577 2225 cura
598 2190 757 2236 inspexi:
791 2189 973 2235 egregium
1003 2199 1092 2235 opus
1112 2199 1187 2222 csse

136 2248 363 2296 deprehendi,
393 2252 428 2283 ct
457 2260 588 2295 magno
617 2249 799 2284 doctrinae
826 2247 1063 2294 Theologicae
1090 2247 1187 2281 malo

138 2307 357 2343 eruditorum
381 2310 546 2344 manibus
567 2319 766 2353 excussam,
796 2308 863 2342 etsi
891 2306 1085 2342 sententias
1111 2304 1187 2349 ejus

138 2366 312 2412 plurimas
333 2379 405 2401 non
427 2368 590 2414 probem.
622 2367 758 2402 Notare
779 2366 866 2402 mibi
886 2366 984 2400 visus
1003 2376 1083 2400 sum
1104 2376 1187 2399 con-

139 2425 260 2459 silium
281 2426 312 2459 ei
343 2426 449 2462 fuisse
476 2438 548 2462 non
578 2429 715 2462 tantum
745 2428 903 2470 systema
930 2423 1187 2470 Tlieologieum

140 2484 386 2528 Augustini
415 2497 583 2521 revocare
612 2486 649 2521 in
679 2485 834 2531 scholas,
864 2483 958 2530 quod
989 2482 1187 2529 improbari

140 2554 213 2578 non
240 2546 398 2589 poterat,
434 2545 496 2579 sed
525 2548 559 2579 et
585 2543 765 2579 contraria
793 2543 981 2588 dogmata,
1017 2545 1188 2587 tanquam

141 2601 414 2648 l'elagiana,
445 2608 504 2638 aut
534 2603 903 2649 Semipelagiana
923 2601 1060 2647 ejicere,
1091 2600 1187 2645 quod

140 2660 295 2708 probare
316 2671 388 2694 non
409 2673 564 2707 possum.
611 2661 726 2697 Valde
745 2661 898 2697 noxium
922 2663 976 2695 est
995 2659 1189 2704 constringi
1217 2670 1219 2708 j

142 2720 178 2755 in
201 2718 275 2753 dies
305 2719 479 2754 sentiendi
506 2722 709 2756 libertatem
734 2732 806 2757 non
833 2719 1039 2756 necessariis
1066 2718 1188 2753 defini-

142 2778 313 2814 tionibus.
345 2777 413 2812 Fac
440 2780 613 2824 quaedam
642 2790 730 2827 esse,
759 2780 798 2815 in
827 2779 955 2825 quibus
982 2776 1189 2814 Scholastici

141 2837 290 2884 quidam
319 2835 588 2880 pelagianis
614 2838 854 2884 consentiant,
884 2849 930 2872 an
958 2837 1039 2873 ideo
1067 2836 1188 2871 statim

143 2895 339 2932 damnandi
360 2896 464 2930 sunt!
503 2895 580 2942 Ipse
610 2897 893 2941 Augustinus
914 2896 1088 2943 quasdam
1107 2905 1189 2930 suas

143 2956 284 3002 priores
304 2954 515 2999 sententiaS,
546 2953 794 2999 l'elagiana
820 2955 1064 2992 controversia
1092 2954 1190 2989 inva-

144 3016 309 3059 lescente,
319 3013 484 3048 mutavit.
504 3013 886 3050 Sufficitconclusiones
902 3014 932 3051 P
941 3026 960 3047 e
970 3015 1010 3049 la
1020 3026 1042 3060 g
1052 3013 1061 3048 i
1071 3024 1091 3048 a
1101 3024 1122 3047 n
1133 3024 1154 3047 a
1163 3023 1189 3051 s,

144 3076 180 3108 et
200 3071 588 3119 Semipclagianas
609 3072 810 3119 primarias,
831 3077 863 3107 et
885 3074 932 3108 ab
949 3072 1106 3108 Ecclesia
1126 3082 1189 3105 an·

146 3132 246 3178 tiqua
266 3131 415 3175 rejectas
434 3129 553 3166 vitari.
598 3130 721 3175 Itaque
741 3131 792 3166 ita
811 3132 942 3166 sentio:
975 3132 1011 3167 Si
1030 3131 1081 3165 Ja
1090 3141 1190 3165 nse·
1219 3156 1220 3161 ,

147 3190 254 3226 nius
277 3193 339 3225 aut
366 3189 646 3225 Janscniana
674 3199 756 3233 pars
783 3201 929 3235 scopum
965 3189 1189 3235 obtinuisset,

149 3250 262 3285 multo
290 3249 404 3284 adbuc
433 3248 633 3295 graviorem
661 3246 818 3281 suturam
839 3248 944 3282 fuisse
965 3248 1190 3284 servitutem:

149 3310 184 3341 ct
204 3308 239 3343 in
260 3307 479 3344 Jansenio
499 3304 707 3353 reprehendi
724 3305 853 3339 merito
871 3309 1010 3351 poterat
1025 3306 1192 3342 condem-

1223 3367 1224 3371 ’
1249 3365 1337 3400 duas
1357 3362 1630 3412 propositioneS,
1657 3369 1765 3396 unam
1785 3368 1894 3404 quain
1914 3360 2017 3393 autor
2038 3358 2074 3393 in
2094 3360 2214 3394 mente
2233 3357 2294 3393 ha-

150 3366 259 3402 nandi
275 3366 364 3402 alios
378 3367 578 3404 inconsulta
593 3364 825 3402 vehementia.
848 3363 915 3399 Sed
930 3366 1058 3413 evcnit,
1076 3365 1194 3401 nescio

1217 3033 1220 3151 1

1218 3164 1221 3206 l

1245 723 1327 748 011111
1348 711 1510 758 fulmina,
1540 712 1816 758 verissimaeque
1844 712 2073 759 exceptiones
2099 713 2296 751 amicorum

1245 770 1480 817 Jansenii,
1515 770 1658 816 quidvis
1694 772 1812 817 potius
1848 771 1887 806 in
1915 771 2038 807 animo
2066 772 2174 807 fuisse
2204 773 2294 821 viro,

1244 841 1353 876 quam
1374 840 1516 865 sensum
1538 830 1639 865 illum
1661 830 1808 865 obvium
1829 842 2016 866 censorum
2035 831 2296 869 Romanorum.

1218 933 1219 941 ἵ
1246 890 1340 924 Nam
1361 900 1484 925 sensns
1502 889 1695 924 verborum
1711 889 1818 923 lio-sslie
1833 889 1960 924 obvius
1982 890 2020 925 in
2036 891 2177 937 scholis,
2200 891 2297 937 apud

1247 952 1382 984 veteres
1410 947 1538 982 obvius
1565 959 1638 982 non
1667 950 1753 983 erat.

1219 1052 1220 1060 ἶ
1247 1009 1322 1054 ipse
1342 1018 1435 1053 sum,
1464 1018 1572 1053 quam
1602 1007 1699 1042 varie
1720 1017 1762 1041 ea
1784 1006 1860 1054 ipsa
1882 1009 1991 1043 verba
2021 1008 2068 1044 ab
2089 1008 2298 1044 hominibus

138 1066 353 1113 permissum
380 1070 450 1112 est,
479 1069 540 1113 qui
569 1067 764 1103 sententias
795 1068 935 1111 fovent,
964 1076 1056 1111 quae
1083 1064 1188 1099 nobis
1219 1067 1220 1070 ’

139 1126 385 1161 incommodae
405 1125 590 1162 videntur:
623 1138 687 1162 sua
707 1127 859 1172 auferre,
887 1128 923 1160 et
944 1125 1058 1171 magis
1078 1123 1188 1158 etiam
1219 1110 1220 1124 ³

138 1185 470 1232 proscriptionibus,
492 1186 651 1233 vinculis,
672 1185 792 1231 remis,
813 1183 1106 1230 gravioribusque
1127 1183 1188 1218 ad·
1218 1186 1220 1197 ¹

1805 948 1852 983 Et
1885 949 2094 996 saepissime
2125 953 2297 995 expertus

1246 1071 1431 1102 sumantur
1459 1067 1553 1101 inter
1581 1066 1801 1112 loquendum
1829 1067 1964 1113 pariter
1986 1070 2022 1102 et
2048 1068 2297 1112 scribendum3

1248 1126 1353 1172 idqiie
1374 1126 1411 1160 in
1433 1125 1597 1172 populari
1628 1135 1792 1160 ¹sermone
1821 1136 1892 1160 11011
1914 1126 2044 1172 minus,
2074 1137 2183 1173 quam
2204 1127 2297 1161 inter

1246 1185 1418 1220 eruditos.
1449 1184 1573 1230 ltaque
1591 1184 1740 1219 miratus
1756 1194 1848 1231 sum,
1869 1186 1933 1220 Du
1944 1196 1980 1219 m
1990 1184 2091 1220 asiu
2100 1196 2137 1219 m
2157 1187 2297 1219 vestrae

1218 1279 1219 1283 ,
1245 1245 1356 1291 partis
1377 1243 1598 1291 scriptorem,
1621 1243 1788 1279 historiae
1810 1243 1831 1278 J
1840 1244 2089 1279 ansenismi
2117 1255 2202 1278 suae
2223 1254 2297 1279 non

1244 1304 1435 1349 addidisse,
1466 1303 1562 1349 quod
1592 1303 1687 1337 basis
1708 1302 1826 1349 operis
1847 1315 1924 1338 esse.
1944 1303 2113 1349 debebat,
2142 1302 2295 1338 indicem

1245 1364 1405 1398 locorum
1426 1362 1447 1397 J
1457 1362 1658 1408 anscnii,
1682 1361 1719 1396 in
1736 1362 1866 1408 quibus
1886 1365 2011 1397 extent
2032 1361 2297 1409 propositiones

1244 1423 1439 1457 damnatae
1460 1426 1498 1456 ut
1520 1421 1657 1456 facilius
1677 1420 1830 1456 conferri
1852 1428 2009 1468 possent.
2057 1421 2116 1455 An
2135 1423 2237 1466 putat
2259 1420 2295 1454 in

1245 1493 1293 1527 re,
1325 1492 1414 1526 quae
1435 1480 1570 1515 oculari
1591 1480 1812 1525 inspectione
1832 1482 2009 1525 constant,
2038 1478 2294 1513 Vaticanoruni

1243 1551 1431 1574 censcffum
1465 1538 1716 1585 autoritatem,
1753 1542 1787 1572 et
1822 1542 1982 1573 extoitas
2017 1537 2295 1584 subscriptiones

1244 1599 1402 1633 sufficere
1437 1597 1563 1644 posse}
1610 1596 1875 1644 Archiepiscopi
1911 1597 2187 1642 Cameracensis,
2224 1596 2293 1631 viri

1242 1661 1335 1693 certe
1364 1657 1502 1701 magni,
1531 1659 1567 1690 ct
1596 1655 1642 1690 ob
1665 1655 1736 1690 alia
1758 1655 1845 1690 mibi
1868 1656 1969 1690 valde
1990 1656 2181 1700 aestimati,
2212 1656 2294 1690 sub-

1244 1717 1390 1751 tilitates
1410 1715 1531 1760 miras,
1560 1715 1688 1760 quibus
1710 1715 1745 1749 in
1767 1715 1848 1749 sacti
1870 1714 2139 1760 ‹praestionibus
2160 1715 2292 1749 infalli-

1216 1775 1217 1780 ’
1244 1776 1420 1810 lditatem
1450 1773 1628 1809 Ecclesiae
1657 1773 1832 1819 vindicat,
1868 1773 2042 1808 discutere
2077 1784 2151 1807 non
2179 1776 2294 1819 vacat,

1244 1845 1356 1880 neque
1391 1833 1479 1868 1111111
1515 1835 1610 1867 certe
1640 1843 1683 1866 eo
1711 1832 1834 1866 labore
1862 1842 1952 1878 opus
1979 1835 2053 1876 est,
2090 1831 2151 1876 qui
2179 1832 2295 1866 sentio

1243 1894 1378 1928 nullam
1400 1891 1555 1926 Ecclesia
1577 1890 1874 1925 infallibilitatem
1895 1901 1984 1935 esse,
2006 1890 2074 1924 nisi
2096 1889 2133 1924 in
2153 1901 2294 1925 conser-

1215 1966 1216 1990 ;
1243 1952 1369 1987 randis
1404 1949 1633 1991 ‹tofnnatibus
1668 1949 1905 1995 salutaribus,
1941 1948 2076 1984 dudmn
2106 1960 2129 1984 a
2154 1949 2296 1985 Christo

1245 2011 1405 2056 traditis,
1436 2013 1576 2044 caetera
1598 2008 1642 2043 ad
1659 2008 1884 2055 disciplinari}
1906 2008 2095 2055 pertinere,
2118 2007 2181 2043 ubi
2196 2020 2294 2043 reve-

1244 2070 1359 2105 rentia
1375 2069 1513 2114 sufficit,
1531 2078 1692 2103 assensus
1709 2068 1925 2103 necessarius
1942 2078 2014 2102 non
2031 2069 2094 2102 cst.
2126 2067 2162 2101 Si
2177 2067 2294 2102 Roma

1244 2129 1434 2175 definisset,
1455 2127 1652 2174 Antipodes
1669 2138 1837 2173 nonesse,
1856 2126 1886 2161 si
1903 2126 2009 2161 hodie
2025 2129 2163 2161 motum
2179 2128 2296 2161 terrae

1245 2189 1445 2233 damnaret,
1482 2198 1529 2222 an
1564 2186 1792 2221 infallibilem
1827 2185 2029 2220 habendam
2064 2186 2295 2231 putaremus!

1247 2249 1290 2283 Et
1312 2248 1395 2282 lieet
1416 2258 1494 2281 mos
1522 2246 1583 2280 ille
1604 2246 1719 2281 malus
1741 2246 1778 2279 in
1800 2245 1955 2280 Ecclesia
1978 2243 2178 2291 invaluerit,
2201 2254 2296 2278 nova

1245 2307 1415 2352 dogmata
1448 2304 1529 2339 tidei
1566 2303 1795 2350 producendi,
1832 2307 1867 2338 ct
1907 2304 1998 2338 alios
2033 2302 2295 2338 condemnandi

1246 2368 1387 2412 praeter
1408 2363 1673 2408 necessitatem,
1709 2373 1783 2397 non
1813 2361 1894 2396 ideo
1929 2361 2048 2396 minus
2082 2361 2294 2407 improbari,

1245 2423 1396 2468 aliisque
1416 2421 1606 2462 abusibus.v
1634 2421 1694 2466 qui
1725 2421 1919 2467 irrepsere,
1946 2420 2147 2466 computari
2176 2419 2295 2455 debet.

1245 2481 1425 2517 Articulus
1443 2483 1538 2515 certe
1554 2480 1731 2514 salvificae
1747 2479 1829 2514 tidei
1846 2491 1915 2514 non
1937 2483 2003 2525 est,
2025 2478 2295 2513 ι10115011111111

1244 2540 1379 2586 aliquid
1409 2539 1590 2575 docuisse:
1631 2549 1722 2584 quae
1743 2538 1828 2573 haec
1848 2549 1932 2582 crgo
1953 2541 2009 2572 est
2039 2526 2290 2584 κακοζηλία,

1246 2600 1336 2634 velle
1356 2598 1558 2645 exprimere
1580 2597 1747 2631 omnibus
1763 2597 1878 2632 inanis
1893 2596 2088 2631 sententiae
2105 2596 2293 2642 professio-

1246 2669 1327 2694 nem
1338 2659 1350 2692 ‘2
1374 2659 1428 2693 lta
1444 2658 1530 2692 dum
1546 2656 1709 2702 iniquum
1725 2659 1851 2702 petunt
1866 2655 2041 2701 homines,
2059 2666 2122 2691 nee
2141 2664 2293 2700 aequum

1247 2719 1374 2753 ferunt.
1434 2716 1572 2751 Vellem
1600 2715 1836 2750 demonstrari
1866 2715 1912 2749 ab
1932 2714 2065 2759 aliquo,
2093 2724 2182 2759 quae
2208 2723 2292 2746 vera

1247 2776 1352 2812 fuerit
1373 2774 1582 2810 Jansenii
1612 2774 1809 2820 sententia,
1846 2773 1942 2819 quod
1972 2771 2109 2807 homini
2131 2770 2291 2814 diligenti

1217 2842 1219 2847 '
1246 2838 1281 2870 ct¹
1302 2834 1417 2881 perito
1446 2845 1519 2869 non
1540 2833 1682 2868 difficile
1702 2837 1806 2879 puto:
1844 2832 1907 2868 sed
1933 2831 2055 2866 utilius
2081 2829 2195 2864 adhue
2224 2828 2290 2863 erit

1247 2894 1436 2940 discutere,
1457 2892 1544 2939 quid
1562 2892 1711 2927 senserit
1732 2890 2038 2935 Augustinus,
2062 2887 2109 2923 ob
2130 2887 2196 2922 viri
2219 2898 2291 2922 me-

1246 2954 1334 2998 rita,
1370 2955 1406 2986 et
1439 2952 1707 2996 auctoritatem,
1747 2959 1949 2996 quanquam
1970 2957 2102 2990 verear,
2134 2957 2177 2980 ne
2206 2946 2291 2981 Au-

1246 3023 1326 3057 gus
1339 3012 1481 3046 tinum
1508 3009 1731 3045 Jansenio
1752 3009 1959 3055 plerumque
1980 2993 2220 3049 ὁμόψηφον
2237 3015 2292 3039 re-

1248 3070 1385 3118 perturi
1405 3069 1528 3116 simus,
1550 3071 1653 3104 tanto
1673 3068 1733 3104 ille
1754 3066 1872 3102 studio
1891 3061 2058 3108 excussit,
2081 3066 2117 3097 ct
2139 3066 2175 3097 ut
2197 3063 2290 3098 arbi—

1248 3134 1335 3176 tror,
1357 3139 1431 3163 non
1450 3127 1581 3164 minori
1601 3128 1710 3163 etiam
1726 3125 1792 3160 fide
1807 3121 2097 3169 repraesentavit.
2130 3122 2187 3156 Ab
2204 3122 2237 3157 A
2248 3133 2292 3157 u-

1248 3188 1431 3235 gustino
1452 3190 1576 3234 postea
1603 3185 1722 3221 schola
1748 3181 1901 3224 recessit,
1923 3190 1998 3225 nee,
2026 3182 2063 3214 111
2087 3180 2175 3215 1111111
2197 3181 2291 3215 vidc-

1249 3252 1317 3294 tur,
1339 3247 1433 3282 male
1453 3247 1491 3281 in
1512 3245 1644 3280 multis.
1702 3241 1839 3276 Vellem
1868 3242 1986 3273 tamen
2016 3243 2171 3282 systema
2202 3240 2291 3274 tanti

1250 3306 1316 3341 viri
1338 3305 1455 3341 notius
1475 3315 1563 3349 esse,
1592 3310 1700 3346 quam
1729 3310 1805 3334 esse
1825 3297 1940 3333 video.
1983 3298 2078 3333 Dum
2105 3298 2293 3344 distinguis
