2361 3643
900 107 1421 149 PRAEFATIO.
2148 117 2263 162 XXV

74 200 341 247 theodicaeae
357 198 682 246 commentarius
703 195 770 243 vel
799 197 936 258 potius
967 196 1146 257 epitome
1176 205 1404 258 conceptus
1436 200 1498 252 sit,
1529 197 1636 244 haec
1665 201 1756 262 ipsa
1783 201 1826 246 in
1858 201 2050 264 operibus
2070 202 2254 264 philoso-

72 278 202 339 phicis
233 276 454 322 desiderari
482 292 566 320 non
597 274 753 328 debuit,
784 274 861 316 etsi
891 288 975 317 non
1002 273 1191 333 ignorem
1221 272 1334 317 hunc
1363 274 1532 330 librum,
1565 293 1692 336 quem
1721 278 1833 323 initio
1866 294 1917 322 eo
1949 280 2120 323 consilio
2150 296 2253 327 con-

70 354 288 407 scriberet,
331 360 379 396 ut
415 368 439 397 a
469 353 631 411 Regina
659 350 886 394 Borussiae
922 349 1152 409 legeretur,
1189 350 1328 393 minus
1366 353 1550 411 praecise
1587 355 1809 413 minusque
1839 353 2086 399 scholastice
2125 364 2176 411 et,
2206 366 2253 402 ut

70 432 127 474 ita
157 430 306 483 dicam,
337 429 602 488 systematice
631 427 912 486 conscriptum
942 442 1043 470 csse.
1091 425 1213 481 Quae
1242 441 1340 470 cum
1369 428 1426 472 ita
1457 430 1547 481 sint,
1579 432 1756 474 narratio
1786 429 1856 474 illa
1887 427 1938 475 de
1954 432 2099 476 Pfaffio
2131 433 2251 478 theo-

68 507 165 566 logo
199 506 456 565 Tubingensi
493 518 562 546 me
592 518 678 546 non
717 509 864 555 terret,
912 504 1062 562 quippe
1093 503 1162 546 cui
1193 504 1406 562 quaerenti
1437 505 1542 548 sitne
1572 505 1811 551 theodicaea
1839 506 1957 551 lusus
1993 509 2144 569 ingenii
2173 526 2250 570 po-

69 584 149 627 tius
189 598 316 642 quam
352 596 451 624 vera
481 579 670 622 Leibnitii
708 580 931 633 sententia,
972 577 1186 623 subridens
1225 585 1370 622 noster
1406 580 1668 638 respondisse
1709 583 1873 627 dicitur:
1937 584 2005 628 Tu
2042 601 2132 629 rem
2171 601 2251 630 acu

67 660 247 719 tetigisti.
303 657 420 700 Dent
456 655 557 699 mihi
586 656 751 699 veniam
791 671 936 698 manes
965 655 1189 698 doctissimi
1218 655 1313 708 viri,
1351 662 1397 698 ut
1427 671 1479 699 ex
1507 656 1575 700 illa
1603 657 1792 711 historia,
1822 661 1863 702 ni
1893 660 2029 704 sabula
2060 663 2130 715 sit,
2168 662 2251 707 hoc

68 742 229 779 tantum
258 733 498 791 intelligam,
527 738 735 784 nostrum,
768 731 843 774 etsi
873 747 1036 775 summa
1067 731 1300 791 theologiae
1330 732 1580 776 verecundia
1613 739 1841 788 teneretur,
1873 742 2011 780 tamen
2041 738 2249 782 interdum

67 809 283 869 theologos
313 808 496 852 elusisse.
559 807 757 851 Continet
793 806 875 851 hoc
915 823 1018 867 opus
1049 806 1243 851 Leibnitii
1281 815 1445 868 praeter
1474 816 1696 853 tractatum
1729 810 1778 853 de
1809 813 2091 857 conformitate
2119 816 2249 858 ratio-

65 888 129 932 nis
160 893 200 929 et
231 885 324 929 fidei
363 885 637 928 tentaminum
677 883 727 927 de
766 883 947 928 bonitate
978 884 1061 928 Dei
1101 892 1143 928 ct
1173 886 1330 944 origine
1369 884 1468 928 mali
1506 892 1642 945 partes
1675 892 1777 939 tres,
1818 887 1966 945 quibus
2007 890 2248 948 subjunctae

64 969 161 1006 sunt
190 963 476 1005 annotationes
507 963 549 1005 in
578 960 705 1004 libros
736 959 936 1004 Hobbesii
968 968 1007 1005 et
1037 961 1195 1021 Kingii,
1242 978 1347 1022 quas
1378 961 1560 1022 denique
1591 969 1790 1006 tractatus
1820 962 1963 1023 lingua
1992 963 2117 1010 latina
2146 982 2248 1012 con*

65 1040 239 1099 scriptus
271 1040 431 1098 excipit,
463 1038 579 1081 titulo
617 1038 810 1081 »Causae
838 1036 945 1080 Dei«
979 1039 1217 1081 instructus.

178 1114 371 1159 LXXIV.
416 1114 489 1158 Ad
526 1113 1021 1159 reverendissimum
1060 1113 1267 1157 Patrem
1305 1114 1411 1158 Des
1442 1114 1633 1159 Bosses
1678 1116 1937 1175 epistolae
1977 1123 2094 1160 tres.
2155 1116 2249 1162 Vid.

61 1207 155 1235 ann.
186 1190 237 1234 ad
268 1197 339 1233 art.
370 1190 494 1234 LXII.

179 1266 354 1310 LXXV.
387 1267 708 1324 Remarques
740 1264 1177 1326 philosophiques
1209 1266 1266 1309 de
1297 1265 1378 1308 Mr.
1411 1264 1470 1309 de
1490 1266 1705 1309 Leibniz
1736 1283 1822 1311 sur
1851 1283 1904 1311 sa
1935 1267 2250 1324 Theoclicee,

63 1358 88 1386 a
116 1342 337 1387 Kortholto
368 1343 554 1400 primum
586 1341 740 1394 editae,
779 1342 822 1385 in
851 1341 1045 1384 Dutensii
1077 1341 1253 1385 editione
1283 1341 1378 1385 Vol.
1408 1341 1436 1385 Ι.
1467 1343 1573 1385 inter
1611 1358 1736 1402 opera
1774 1343 2008 1403 tbeologica
2037 1344 2248 1404 leguntur.

177 1420 423 1478 Sequuntur
439 1423 620 1476 quatuor
637 1419 1012 1460 commentationes
1027 1414 1217 1459 Leibnitii
1235 1418 1468 1476 argumenti
1487 1418 1619 1471 ethici,
1644 1435 1746 1477 quas
1770 1436 1821 1463 ex
1837 1420 2106 1479 autographis
2121 1420 2247 1464 Leib-

58 1496 220 1540 nitianis
241 1495 490 1538 Hanoverae
520 1493 769 1552 transcripsi.
823 1493 941 1547 Quas
975 1492 1051 1535 etsi
1081 1491 1251 1534 diversis
1282 1493 1538 1551 temporibus
1569 1497 1822 1554 conscriptas
1850 1513 1942 1539 esse
1971 1496 2077 1539 bene
2106 1498 2249 1564 sciam,

58 1578 200 1616 tamen
231 1571 282 1615 ob
315 1571 550 1630 argumenti
581 1570 874 1629 cognationem
906 1569 1098 1628 deinceps
1129 1569 1261 1626 posui,
1293 1570 1439 1628 iisque,
1477 1585 1575 1613 cum
1606 1570 1754 1614 indicia
1785 1579 1897 1615 certa
1927 1571 2029 1614 mihi
2058 1570 2249 1616 deessent

59 1663 167 1707 quae
197 1647 308 1691 aliud
338 1646 570 1699 suaderent,
601 1646 714 1690 hunc
746 1645 957 1704 adsignavi
986 1645 1142 1689 locum.
1182 1644 1277 1700 Qua
1307 1646 1349 1689 in
1378 1661 1424 1689 re
1456 1648 1588 1690 erravi
1617 1649 1811 1700 fortasse3
1842 1647 2085 1706 praesertim
2116 1662 2249 1706 quum

59 1739 112 1768 ex
143 1740 192 1768 eo
224 1731 426 1782 tempore,
459 1737 542 1782 quo
574 1723 834 1783 transscripsi
865 1728 907 1765 et
935 1721 977 1764 in
1008 1720 1089 1764 hoc
1118 1721 1210 1765 loco
1243 1724 1363 1782 posui
1393 1722 1468 1766 has
1499 1724 1753 1782 scriptioncS,
1785 1731 1964 1783 quatuor
1980 1739 2110 1782 paene
2125 1739 2247 1782 prae-

57 1799 226 1859 terlapsi
255 1801 338 1843 sint
368 1800 484 1852 anni,
524 1799 634 1843 unde
666 1799 711 1842 fit
749 1805 796 1842 ut
835 1797 886 1841 de
922 1796 1137 1841 literarum
1176 1805 1312 1842 tractu
1350 1800 1420 1842 vix
1458 1799 1559 1842 certi
1598 1799 1828 1860 quidquam
1865 1807 2046 1843 statuere
2082 1800 2248 1852 possim.

58 1876 249 1920 Primum
281 1877 469 1920 omnium
503 1877 589 1918 sine
621 1874 745 1918 dubio
778 1882 979 1934 concepta
1013 1882 1076 1918 est
1114 1874 1470 1919 dissei-iatiuncula

173 1952 369 1997 LXXVI.
408 1953 464 1996 dc
495 1952 761 2004 libertate,
803 1967 910 2010 quac
942 1967 1040 1995 cum
1073 1967 1267 2011 expresse
1293 1959 1350 2012 =et
1380 1950 1571 1995 consulto
1605 1952 1792 2011 opposita
1823 1950 2013 1994 videatur
2042 1951 2248 2009 Spinozae

57 2031 287 2083 sententiis,
317 2037 482 2090 tempus
513 2028 702 2073 redolere
731 2028 914 2081 videtur,
948 2044 1030 2086 quo
1063 2043 1147 2071 non
1180 2027 1338 2070 dudum
1370 2028 1421 2070 ab
1452 2027 1529 2071 illis
1561 2042 1605 2070 se
1634 2027 1859 2070 liberasset.
1905 2027 2129 2085 Reperitur
2157 2026 2246 2070 Ha·

55 2122 238 2150 noverae
269 2107 392 2149 etiam
423 2105 546 2164 hujus
576 2112 778 2149 tractatus
808 2106 943 2148 versio
977 2104 1136 2163 gallica.
1198 2104 1342 2147 Serius
1373 2105 1416 2146 ni
1445 2103 1564 2146 fallor
1593 2104 1850 2161 conscriptae
1882 2109 1990 2144 sunt.

171 2181 383 2226 LXXVII.
419 2181 778 2225 Definitiones
818 2181 1045 2234 ethicae,
1086 2196 1194 2239 quae
1226 2182 1332 2224 sicut
1362 2179 1488 2223 modo
1525 2179 1693 2222 laudata
1724 2179 1940 2236 systemati
1978 2177 2247 2231 necessitatis,

55 2260 112 2303 ita
140 2260 255 2319 ipsae
285 2265 429 2302 contra
460 2273 533 2301 eos
564 2264 763 2317 pugnant,
797 2258 977 2316 quiDco
1011 2257 1137 2301 talem
1166 2256 1400 2300 libertatem
1440 2255 1662 2299 attribuere
1693 2260 1906 2305 conantur,
1939 2252 2106 2311 qualem
2120 2252 2245 2295 Leib-

55 2336 178 2379 nitius
207 2337 502 2380 necessitatem
532 2334 699 2378 brutam
731 2334 940 2394 appellare
972 2334 1088 2388 solet,
1120 2334 1273 2378 scilicet
1304 2349 1412 2392 quae
1442 2347 1612 2376 omnem
1643 2329 1832 2373 secludat
1860 2328 2246 2372 determinationem

55 2418 98 2455 et
126 2411 269 2455 finium
299 2413 515 2456 rationem.
580 2409 722 2464 Quam
752 2426 842 2454 rem
873 2412 1041 2455 uberius
1072 2418 1218 2471 postea
1246 2411 1289 2454 in
1318 2409 1387 2452 illa
1418 2425 1516 2453 cum
1549 2407 1716 2451 Clarkio
1746 2405 2027 2449 controversia
2054 2410 2246 2448 nostrum

55 2486 277 2533 ventilasse
308 2494 481 2531 constat.
552 2487 752 2546 Sequitur
781 2489 1079 2531 commentatio
1110 2487 1252 2546 lingua
1281 2485 1505 2529 vernacula
1536 2483 1793 2541 conscripta:

174 2562 403 2606 LXXVIII.
433 2565 546 2607 Von
577 2564 666 2607 der
690 2561 1136 2624 Gliickseligkeit,
1168 2564 1234 2607 cui
1258 2561 1530 2605 Guhrauerus
1558 2561 1601 2602 in
1633 2559 1810 2601 editione
1841 2572 1917 2599 sua
1938 2555 2104 2604 titulum
2133 2553 2245 2597 hunc

56 2638 186 2682 dedit:
218 2638 316 2683 Von
348 2639 421 2683 der
438 2639 655 2683 Weisheit.
701 2640 975 2685 Restituimus
1008 2657 1101 2685 eam
1132 2639 1513 2699 praescriptionem,
1546 2650 1627 2693 qua
1647 2635 1897 2679 Hanoverae
1927 2633 1969 2675 in
1988 2630 2244 2676 Bibliotheca

55 2715 168 2774 regia
197 2715 447 2758 instructum
477 2715 657 2758 vidimus
693 2716 951 2771 fasciculum,
983 2733 1065 2776 quo
1104 2715 1170 2758 liic
1199 2713 1361 2757 libellus
1391 2712 1634 2756 continetur.

173 2789 365 2834 LXXIX.
404 2789 481 2833 De
521 2789 570 2832 la
608 2806 840 2850 sagesse,
881 2793 999 2849 cujus
1037 2790 1267 2849 scriptionis
1305 2787 1584 2846 interpretatio
1616 2787 1874 2845 germanica,
1911 2783 1993 2827 hoc
2022 2781 2142 2824 titulo
2178 2780 2240 2821 in-

57 2869 227 2926 scripta:
266 2867 364 2910 Von
405 2866 476 2909 der
507 2867 730 2920 Weisheit,
772 2869 808 2912 d.
840 2869 865 2911 i.
905 2883 989 2910 von
1028 2866 1101 2910 der
1131 2864 1432 2908 wissenschaft
1471 2862 1543 2906 der
1576 2860 1894 2919 Gliickseligkeit
1930 2858 2015 2902 und
2054 2852 2242 2913 Tugend‚

58 2957 141 2984 una
172 2957 269 2985 cum
300 2942 446 3000 gallico
479 2943 737 3002 autographo
776 2945 820 2987 in
853 2959 903 2986 eo
933 2944 1022 3001 ipso
1055 2956 1137 2999 quo
1169 2941 1296 2984 ceteri
1325 2939 1448 2983 libelli
1478 2939 1604 2983 modo
1634 2937 1791 2981 laudati
1820 2933 2014 2979 fasciculo
2045 2931 2241 2974 Hanove-

58 3031 130 3060 rae
160 3024 406 3060 asservatur.
452 3019 537 3062 Sed
569 3020 786 3062 veniamus
816 3033 985 3062 rursum
1017 3016 1068 3060 ad
1098 3016 1224 3060 libros
1251 3018 1337 3075 jam
1369 3015 1514 3069 editos,
1546 3015 1596 3060 de
1629 3013 1779 3073 quibus
1811 3026 1892 3070 quo
1924 3017 2110 3066 tempore
2138 3019 2240 3049 con-

60 3093 167 3151 cepti
197 3094 278 3135 sint
308 3095 446 3137 minus
477 3094 663 3137 dubitare
692 3094 808 3137 licet:

174 3166 351 3213 LXXX.
382 3169 564 3213 Lettre
595 3171 619 3213 a
640 3170 723 3214 Mr.
746 3169 854 3213 Des
875 3167 1168 3222 Maizea'ux‚
1198 3174 1484 3212 contenant
1512 3164 1768 3225 quelques
1791 3157 2242 3205 &claircissemens

60 3257 146 3288 sur
176 3244 430 3304 quelques
462 3245 698 3290 endroits
729 3245 792 3290 du
824 3245 1056 3302 systeme
1093 3243 1152 3288 de
1181 3243 1487 3289 l’harmonie
1518 3238 1826 3303 prestablie‚
1867 3231 2038 3293 epistola
2070 3230 2120 3274 ab
2151 3231 2241 3288 ipso

1888 3326 1913 3352 D
