2361 3643
920 83 1439 126 PRAEFATIO.
2135 94 2281 135 XXVII

96 174 241 234 Itaque
271 174 444 233 conjicio
474 172 582 217 hanc
613 171 833 231 epistolam
863 186 948 216 non
978 171 1030 215 ad
1061 172 1344 217 Remundium
1376 177 1574 236 scriptam
1604 176 1742 221 fuisse.
1798 177 1938 232 Quam
1969 185 2111 225 tamen
2142 185 2276 229 amico

97 252 138 294 in
165 250 296 295 Gallia
327 250 491 309 degenti
522 251 693 292 missam
724 264 816 292 esse
847 264 930 292 non
960 247 1097 291 solum
1125 248 1268 308 lingua
1298 251 1444 308 prodit,
1477 268 1559 310 qua
1581 251 1809 297 Leibnitius
1841 256 1980 308 utitur,
2011 256 2084 300 sed
2114 261 2274 317 praeci-

96 342 181 385 pue
211 327 337 370 verba
366 326 420 370 ill.
444 326 598 378 Wollii,
629 327 699 384 qui
729 340 828 369 cum
859 323 1075 368 ostendere
1103 324 1228 369 vellet
1259 341 1304 368 se
1332 327 1635 386 philosophiam
1666 345 1750 373 non
1781 334 1990 390 accepisse
2019 347 2043 374 a
2073 334 2275 379 Lcibnitio

96 409 313 461 tamquam
345 418 368 446 a
399 404 609 463 magistro,
638 403 679 444 in
706 401 755 443 iis
788 416 895 459 quac
916 402 1123 460 praefatus
1153 407 1216 444 est
1235 400 1548 463 Monadologiae
1570 407 1747 449 versioni
1767 406 2042 452 Kohlerianae
2063 412 2115 464 (v.
2139 417 2273 454 annot.

98 478 151 522 ad
182 487 255 522 art.
285 479 593 534 LXXXVIII.)‚
624 479 678 520 ita
707 476 910 534 loquitur:
964 475 1045 519 »Es
1082 475 1154 519 hat
1184 478 1262 520 mir
1299 477 1371 522 der
1402 479 1509 522 Herr
1540 480 1813 526 Uebersetzer
1845 485 1964 527 einen
1995 485 2168 545 Auszug
2198 501 2275 530 aus

101 556 264 599 »einem
294 556 429 599 Briese
459 556 632 614 gezeigt,
663 553 743 596 den
774 551 846 595 der
875 552 983 595 Herr
1011 568 1093 596 von
1123 552 1309 597 Leibnitz
1338 555 1381 598 in
1411 556 1707 600 sranzosischer
1728 558 1914 617 Sprache
1946 576 1999 604 an
2031 562 2151 605 einen
2175 563 2271 606 Ge-

103 631 335 675 =lehrten
379 630 507 675 nach
537 630 570 674 F
583 628 857 673 rankreich
888 628 1173 688 geschrieben,
1215 629 1330 674 darin
1371 646 1415 674 er
1445 631 1652 690 gestehet,
1699 649 1743 677 er
1772 633 1886 678 hatte
1917 638 1991 679 mit
2021 638 2099 680 mir
2127 639 2168 682 in
2199 653 2274 681 zur

102 705 432 751 „XVeltweisheit
462 705 686 765 geliorigen
716 705 884 749 Sachen
912 703 1085 748 niemals
1115 706 1328 750 conserirct
1360 706 1445 750 und
1474 707 1628 751 konnte
1657 707 1724 751 ich
1754 725 1837 754 von
1857 712 1999 755 seinen
2020 712 2274 772 Meinungen

102 783 260 827 »nichts
290 784 456 835 wisscn‚
487 782 546 825 als
576 797 665 825 was
695 782 753 825 im
785 780 1044 825 oss'entliclien
1074 780 1220 824 Druck
1249 781 1491 826 vorhanden
1522 788 1635 827 ware
1658 805 1690 837 κ,
1713 812 1764 818 ——-
1791 802 1898 845 quae
1927 788 2052 832 verba
2083 789 2134 832 ad
2164 789 2274 833 hanc

97 859 309 903 reserenda
346 875 438 903 esse
468 856 688 917 epistolam
717 860 926 902 neminem
955 857 1068 900 latet.
1099 883 1157 890 —
1188 857 1335 902 Restat
1365 859 1545 918 denique
1576 866 1622 903 ut
1652 861 1704 905 de
1735 867 1924 921 tempore
1954 863 2106 922 aliquid
2136 866 2274 909 dicam

99 951 182 994 quo
214 937 491 995 conscriptam
521 942 677 995 putem.
736 934 859 993 Apud
888 934 978 978 Des
1007 933 1226 977 Maizeaux
1256 933 1365 988 dies,
1411 951 1495 994 quo
1527 943 1696 981 exarata
1727 939 1798 991 sit,
1843 938 1941 982 huic
1971 942 2044 983 uni
2074 940 2274 998 epistolae

97 1027 183 1057 non
214 1011 445 1069 adscriptus
477 1018 559 1063 est3
604 1012 646 1055 in
676 1011 870 1054 Dutensii
899 1025 999 1054 vero
1030 1010 1208 1055 editione
1239 1010 1346 1055 haec
1378 1011 1624 1071 subscriptio
1665 1021 1800 1057 exstat
1843 1015 2032 1059 »Vienne
2063 1020 2132 1060 26.
2164 1016 2276 1060 Aofit

102 1090 285 1141 »1714«,
318 1103 366 1131 ac
396 1089 534 1130 forsan
566 1087 780 1130 miraberis
811 1086 920 1130 unde
953 1102 1061 1145 quae
1090 1086 1180 1130 Des
1210 1087 1429 1131 Maizeaux
1459 1089 1674 1146 ignoravit,
1706 1089 1936 1150 descriptor
1965 1094 2139 1136 noverit.
2188 1092 2276 1136 Sed

98 1164 169 1207 ubi
198 1163 265 1207 illo
298 1163 362 1206 die
393 1163 625 1222 epistolam,
653 1165 696 1207 in
717 1163 807 1206 Des
828 1162 1047 1207 Maizeaux
1077 1169 1120 1206 et
1145 1162 1342 1208 Dutensii
1371 1163 1618 1207 editionibus
1646 1165 1966 1224 praecedentem
1997 1169 2276 1226 conscriptam

97 1256 191 1284 esse
221 1240 384 1292 videris,
415 1255 530 1283 error
559 1241 808 1283 commissus
839 1246 880 1283 te
910 1254 994 1282 non
1024 1238 1176 1282 latebit.
1223 1239 1368 1298 Itaque
1399 1255 1496 1283 cum
1526 1247 1695 1300 tempus
1716 1258 1800 1286 non
1821 1243 2049 1286 indicatum
2071 1243 2134 1296 sit,
2166 1257 2274 1301 opus

98 1323 159 1359 cst
191 1317 443 1373 conjectura.
510 1316 632 1359 Hanc
662 1314 882 1373 epistolam
913 1314 1186 1358 Vindobonae
1216 1317 1494 1373 conscriptam
1526 1332 1617 1359 esse
1649 1317 1810 1361 disertis
1841 1319 1976 1362 verbis
2006 1319 2048 1362 in
2079 1319 2169 1377 ipsa
2200 1317 2274 1360 de-

96 1391 287 1436 claratur.
363 1390 478 1433 Tum
517 1406 569 1434 ex
608 1406 658 1434 eo
690 1389 804 1448 quod
834 1389 1063 1433 secundam
1094 1390 1317 1434 editionem
1347 1393 1485 1448 operis
1515 1391 1757 1436 Montmorti
1786 1400 2001 1452 tamquam
2032 1392 2278 1452 propediem

95 1466 325 1511 faciendam
356 1467 473 1519 citat,
505 1472 579 1509 aut
610 1472 721 1509 certe
766 1467 1007 1525 nuperrime
1050 1467 1223 1519 factam,
1262 1468 1456 1524 conjicias
1488 1483 1582 1511 eam
1613 1468 1832 1526 epistolam
1863 1485 1970 1512 anno
2001 1468 2276 1514 MDCCXHI.

94 1543 373 1601 conscriptam
404 1558 508 1585 esse.
582 1541 776 1585 Eundem
808 1548 881 1586 aut
911 1548 1180 1600 sequentem,
1226 1548 1274 1584 ut
1303 1558 1520 1586 summum
1549 1543 1718 1603 largiar,
1751 1560 1907 1588 annum
1938 1545 2091 1588 indicat
2120 1545 2276 1589 mentio

95 1634 295 1663 versuum
325 1619 367 1662 in
397 1618 670 1678 Fragueiium
701 1625 743 1661 ct
773 1617 1060 1663 Remundium
1092 1619 1341 1677 scriptorum
1374 1635 1479 1679 quos
1510 1636 1641 1664 mens.
1662 1619 1780 1664 Mart.
1810 1619 2160 1664 anniMDCClV.
2188 1620 2276 1665 Re-

95 1695 265 1739 mundio
297 1696 406 1738 misit
435 1701 576 1738 noster
607 1697 673 1751 (cs.
704 1710 797 1754 pag.
829 1698 942 1751 702).

213 1770 464 1815 LXXXVII.
511 1771 663 1814 Trois
709 1770 903 1814 lettres
946 1770 970 1814 Ξι
1001 1769 1083 1813 Mr.
1116 1770 1349 1816 Remond
1389 1771 1447 1816 de
1477 1771 1770 1817 Montmort.
1831 1772 2040 1832 Vulgatae
2071 1778 2169 1815 sunt
2197 1770 2278 1815 hae

97 1846 150 1891 ad
180 1846 466 1890 Remundium
498 1846 694 1906 epistolae
734 1848 916 1905 primum
948 1863 972 1891 a
1002 1847 1091 1890 Des
1121 1846 1342 1891 Maizeaux
1377 1847 1403 1891 l.
1435 1863 1470 1892 c.
1499 1847 1546 1893 II.
1579 1864 1616 1906 p.
1651 1852 1756 1903 130,
1802 1848 1914 1894 unde
1942 1848 2176 1892 Dutensius
2206 1861 2278 1891 eas

95 1925 137 1967 in
175 1923 362 1967 editionis
400 1939 502 1967 suae
532 1923 628 1968 Vol.
665 1924 714 1968 V.
753 1924 920 1982 recepit.
995 1923 1153 1966 Earum
1193 1925 1370 1982 primam
1402 1931 1445 1967 et
1475 1924 1704 1968 secundam
1736 1924 1788 1968 ob
1819 1926 2055 1983 argumenti
2083 1923 2278 1976 indolem,

95 2002 259 2044 tertiam
303 2001 528 2057 praecipue
572 2016 623 2043 ea
668 1999 721 2043 de
765 2015 894 2043 causa
937 2000 1112 2053 inserui,
1160 1999 1272 2058 quod
1312 2002 1569 2044 mentionem
1598 2002 1694 2044 facit
1725 2002 1955 2058 scriptionis
1988 2000 2280 2058 subsequentis

94 2077 376 2137 gravissimae,
407 2079 582 2134 ejusque
614 2075 666 2119 ad
697 2074 775 2118 alia
805 2076 957 2134 scripta
987 2074 1247 2121 Leibnitiana
1277 2077 1482 2120 rationem
1515 2083 1556 2121 et
1586 2076 1831 2121 relationem
1861 2076 1969 2119 bene
2000 2075 2152 2120 definit.
2196 2075 2276 2119 Se-

96 2155 237 2213 quitur
266 2153 376 2195 enim
404 2154 448 2194 in
478 2167 573 2195 mea
604 2151 800 2195 editione:

212 2227 483 2272 LXXXVIII.
541 2228 611 2272 La
655 2226 1031 2288 Monadologie.
1107 2229 1201 2272 Hoc
1247 2227 1365 2272 titulo
1412 2229 1599 2287 inscripsi
1650 2227 1800 2271 librum
1845 2227 2035 2271 Leibnitii
2089 2227 2278 2269 omnium

95 2306 408 2365 gravissimum,
463 2306 498 2348 si
543 2304 713 2363 quidem
743 2305 1020 2364 reputaveris,
1067 2320 1118 2348 eo
1164 2305 1298 2363 primo
1337 2304 1590 2348 Leibnitium
1635 2311 1771 2347 totum
1817 2303 2028 2346 doctrinae
2075 2318 2176 2345 suae
2206 2316 2279 2359 sy·-

96 2390 248 2434 stema,
295 2383 414 2439 cujus
452 2380 634 2440 singulas
674 2387 813 2440 partes
853 2382 1030 2440 sparsim
1070 2397 1120 2424 eo
1160 2397 1294 2440 usque
1336 2380 1538 2433 dedisset,
1582 2381 1764 2424 breviter
1804 2379 2010 2422 delineare
2043 2379 2155 2422 etin
2186 2391 2278 2419 mo-

96 2458 198 2500 dum
243 2456 588 2516 encyclopaediae
634 2456 856 2515 complecti
893 2463 1094 2500 conatum
1133 2472 1238 2500 esse.
1316 2458 1401 2511 Qui
1439 2455 1542 2499 liber
1579 2471 1678 2499 cum
1720 2455 1771 2499 ad
1811 2455 1924 2498 hunc
1962 2455 2070 2497 diem
2109 2468 2159 2496 ea
2198 2466 2280 2511 qua

97 2536 280 2592 primum
324 2534 502 2590 scriptus
549 2538 639 2575 erat
682 2534 816 2575 forma
861 2532 1050 2576 nondum
1097 2532 1234 2576 editus
1280 2535 1350 2586 sit,
1399 2533 1580 2576 breviter
1625 2531 1762 2591 placet
1807 2530 2027 2574 ostendere
2072 2541 2280 2586 quaenam

96 2611 180 2653 sata
209 2607 409 2651 habuerit.
468 2609 589 2651 Anno
621 2607 902 2652 MDCCXIV.
931 2608 1181 2662 Leibnitius,
1221 2624 1246 2652 a
1276 2609 1468 2667 Principe
1500 2608 1690 2666 Eugenio
1722 2607 2005 2650 amantissime
2034 2610 2203 2662 rogatus
2234 2608 2280 2645 ut

97 2685 320 2728 sententias
366 2681 691 2742 philosophicaS,
738 2699 843 2742 quas
887 2686 928 2727 in
974 2683 1217 2728 theodicaea
1258 2684 1430 2742 aliisque
1462 2684 1622 2742 scriptis
1654 2681 1894 2741 protulisset
1924 2680 1999 2723 sibi
2029 2683 2279 2738 proponeret

97 2760 330 2804 accuratius
363 2758 598 2816 explicatam,
627 2758 778 2802 librum
809 2761 1057 2818 composuit,
1089 2760 1139 2803 de
1173 2775 1256 2817 quo
1287 2761 1376 2817 ipse
1407 2758 1642 2802 Remundio
1674 2759 1853 2816 scripsit:
1891 2757 1965 2799 »Je
1998 2771 2103 2798 vous
2133 2752 2279 2796 envoie

102 2852 187 2879 »un
218 2837 319 2894 petit
350 2834 557 2886 discours,
598 2850 679 2891 que
707 2836 777 2892 j'ai
806 2836 877 2877 fait
905 2836 957 2879 ici
988 2851 1093 2894 pour
1124 2834 1198 2876 Mr.
1230 2834 1269 2877 le
1299 2835 1448 2878 Prince
1477 2834 1652 2894 Eugene
1684 2834 1735 2878 de
1759 2834 1913 2878 Savoie
1945 2848 2015 2874 sur
2044 2845 2113 2876 ma
2132 2826 2274 2871 Philo-

103 2911 287 2971 »sophie
354 2910 433 2952 J'ai
471 2910 618 2967 espere
658 2925 740 2967 que
771 2925 820 2952 ce
851 2912 952 2968 petit
983 2911 1085 2953 ecrit
1115 2910 1411 2954 contribueroit
1441 2911 1466 2954 Ξι
1496 2912 1639 2953 niieux
1669 2911 1768 2953 faire
1799 2908 1994 2953 entendre
2025 2919 2112 2948 mes
2142 2901 2274 2944 medi-

104 2988 280 3031 „tations
326 3002 378 3029 en
424 3002 451 3044 y
493 2987 681 3044 joignant
726 3000 775 3029 ce
822 3002 905 3043 que
940 2987 1009 3044 j'ai
1040 2987 1120 3028 mis
1151 2985 1252 3028 dans
1283 2984 1345 3029 les
1373 2987 1581 3044 journaux
1612 2985 1663 3028 de
1693 2986 1879 3045 Leipzic,
1925 2982 1975 3025 dc
2005 2979 2122 3023 Paris
2153 2983 2194 3020 et
2225 2976 2276 3021 dc

105 3061 348 3108 »Hollande
408 3061 528 3105 Dans
559 3077 668 3104 ceux
698 3060 748 3103 de
780 3061 946 3118 Leipzic
973 3063 1014 3120 je
1047 3061 1331 3106 m'accomode
1363 3077 1481 3105 assez
1512 3078 1566 3106 au
1596 3061 1774 3122 langage
1806 3060 1856 3103 de
1887 3055 2048 3107 l'ecole,
2081 3053 2184 3097 dans
2214 3052 2276 3096 les

108 3146 274 3183 »autres
316 3140 357 3196 je
395 3137 681 3181 nl'accomode
720 3137 952 3196 davantage
981 3152 1035 3178 au
1066 3137 1155 3182 stile
1187 3137 1260 3182 des
1293 3138 1552 3191 Cartesiens,
1598 3145 1640 3181 et
1671 3137 1773 3180 dans
1804 3140 1911 3177 cette
1942 3131 2129 3174 derniere
2159 3129 2279 3188 piece

107 3215 197 3273 »j‘ai
233 3213 352 3257 tache
392 3213 443 3257 de
486 3216 752 3274 m'exprimer
784 3213 906 3257 d'une
937 3214 1121 3257 maniere
1154 3216 1223 3273 qui
1253 3215 1393 3273 puisse
1424 3214 1512 3257 &tre
1544 3213 1750 3257 entendue
1782 3209 1832 3251 de
1864 3221 1971 3251 ceux
2002 3206 2071 3264 qui
2101 3220 2153 3249 ne
2185 3209 2279 3247 sont

106 3306 208 3350 »pas
239 3305 390 3336 encore
421 3297 513 3350 trop
545 3292 830 3344 accoutumes,
861 3305 916 3336 au
953 3289 1043 3334 stile
1073 3289 1148 3336 des
1177 3306 1257 3337 uns
1287 3297 1330 3337 et
1349 3290 1422 3354 des
1444 3296 1621 3336 autres-u
1663 3288 1740 3333 Hic
1761 3284 1862 3329 liber
1881 3283 2064 3342 primum
2084 3278 2279 3339 vulgatus
