2361 3643
127 157 212 197 (388

378 273 386 276 ¹
412 304 698 342 EPISTOLA
750 306 898 345 XXIII.

363 386 771 426 Reverendissime
799 394 946 439 pater,

663 155 875 195 LXXXIV.
936 157 1005 193 AD
1037 158 1126 195 DES
1157 159 1326 198 BOSSES
1356 161 1588 201 EPISTOLA
1616 165 1759 204 XXIII.

1214 255 1219 345 l
1248 256 1285 291 5.
1315 264 1351 292 et
1375 256 1464 292 alibi
1493 257 1531 292 in
1552 257 1716 305 Epistola
1743 263 1825 309 tua,
1851 263 1973 311 aliter,
2001 275 2149 311 quama
2172 277 2229 303 me
2250 268 2301 316 fit,

1216 347 1219 368 4
1246 315 1441 362 accepisse,
1464 316 1566 362 quasi
1587 327 1671 364 ego,
1700 318 1788 354 dum
1808 330 1850 354 ea
1871 332 1937 367 pro
1958 325 2100 361 entibus
2121 326 2302 362 absolutis

1215 374 1220 410 l
1247 373 1383 421 habeo,
1417 384 1561 421 semper
1588 375 1673 410 inde
1700 377 1747 412 ab
1777 376 1883 414 initio
1918 382 2110 418 creationis
2139 385 2302 421 extitisse

1216 419 1219 481 J
1246 435 1384 479 putem.

185 477 378 520 Quaeiitui
412 481 597 527 quomodo
631 483 808 519 sententia
843 487 964 520 vest1a
989 476 1077 530 περὶ
1107 484 1189 519 τοῦ
1215 496 1219 531 5
1246 491 1451 538 corpmeis,
1490 502 1552 527 seu
1583 492 1736 529 vinculis
1764 494 2084 544 substantialibus,
2114 501 2301 537 fatendum

126 537 475 584 μετουσιασιιοῦ
496 541 671 586 explicari
688 542 813 588 possit,
824 546 900 578 tum
909 543 1105 579 secundum
1122 545 1185 589 hy-

125 595 291 640 pothesin
321 607 501 633 meiaium
530 600 749 646 Monadum,
786 603 864 636 tum
895 602 1090 637 secundum
1119 603 1183 648 hy-

124 653 291 699 pothesin
319 655 602 693 substantiarum
624 659 918 706 compositarum.
979 661 1181 697 Secundum

123 711 282 757 priorem
303 713 520 760 hypothesin
541 717 724 762 quaeritur
744 718 783 752 in
804 728 876 764 quo
904 720 1078 755 consistat
1099 721 1180 756 sul)-

123 770 257 805 stantia
284 774 446 818 corporis
473 776 683 821 compositi,
714 786 759 811 an
796 776 834 811 in
863 777 1101 826 Monadibus,
1132 790 1179 815 an

121 839 207 864 vero
248 829 286 864 in
328 830 414 877 ipsis
456 833 726 879 phaenomenis.
788 835 830 870 Id
871 839 952 884 est,
995 839 1179 883 quaeritur

121 885 298 935 (exempli
320 891 455 936 causa)
485 903 530 927 an
566 892 687 927 anima
723 894 854 928 vermis
878 894 913 928 in
941 906 1092 942 corpore
1114 897 1175 931 ho-

119 945 228 981 minis
248 946 452 995 existentis,
484 951 531 986 sit
558 962 641 997 pars
662 952 908 988 substantialis
929 954 1077 989 humani
1098 967 1175 991 cor-

119 1004 239 1052 poris,
268 1016 314 1040 an
342 1018 429 1042 vero
458 1009 594 1044 nudum
624 1010 834 1056 requisitum
863 1014 898 1046 et
927 1012 1073 1058 quidem
1101 1025 1173 1049 nou

119 1064 387 1110 metaphysicae
415 1068 655 1115 necessitatis,
687 1069 747 1104 sed
770 1069 866 1115 quod
887 1070 925 1105 in
946 1082 1050 1107 cursu
1072 1076 1174 1107 natu-

118 1131 181 1155 rae
207 1123 433 1171 requiratur,
461 1126 557 1171 quod
586 1138 651 1171 ego
683 1128 819 1162 malim.
883 1129 987 1170 Quod
1017 1130 1047 1165 si
1078 1132 1176 1176 prius

118 1179 295 1226 statuitis,
334 1182 455 1228 utique
483 1185 671 1220 dicendum
701 1189 755 1221 cst
784 1187 960 1222 Monadcs
996 1188 1099 1235 panis
1140 1193 1175 1224 et

118 1237 191 1272 vini
216 1239 315 1285 tolli,
346 1243 381 1275 et
409 1243 582 1278 monades
609 1245 771 1291 corporis
793 1246 924 1280 Christi
952 1257 1075 1282 earum
1098 1259 1175 1283 esse

116 1295 209 1330 loco.
271 1297 333 1332 Sin
365 1310 450 1335 vero
472 1301 650 1338 Monades
681 1314 755 1338 non
786 1307 867 1339 sunt
897 1315 979 1351 pars
1008 1305 1173 1342 substan·

116 1353 211 1389 tialis
238 1365 451 1406 corporum,
490 1364 525 1395 et
553 1362 755 1408 composita
789 1363 861 1398 siut
889 1374 987 1399 mera
1018 1365 1173 1411 phaeno-

115 1421 242 1458 menaJ
275 1415 467 1452 dicendum
497 1420 589 1455 soret
615 1431 808 1467 corporum
829 1422 1070 1458 substantiam
1091 1435 1173 1459 con-

115 1470 240 1507 sistere
260 1474 296 1509 iu
320 1476 577 1521 phaenomenis
599 1479 709 1526 veris,
732 1490 823 1526 quae
840 1491 966 1528 nempe
984 1482 1059 1527 ipse
1076 1483 1173 1518 Deus

115 1529 151 1564 iu
180 1530 267 1577 ipsis
297 1545 358 1579 per
387 1535 574 1571 seientiam
615 1538 765 1573 visionis
802 1540 974 1587 percipit,
1014 1541 1172 1587 itemque

112 1588 264 1636 Angeli,
288 1595 323 1627 et
344 1593 462 1640 Beati,
486 1595 616 1640 quibus
638 1608 693 1631 res
716 1608 797 1633 vere
819 1598 940 1632 videre
961 1599 1087 1634 datum
1107 1604 1170 1634 est.

113 1645 239 1692 ltaque
261 1650 379 1686 Deum
408 1662 489 1687 cum
511 1654 629 1688 Beatis
660 1656 844 1701 percipere
866 1658 1004 1703 Corpus
1026 1658 1169 1703 Christi,

113 1705 165 1739 uti
187 1707 292 1742 nobis
314 1710 416 1755 panis
446 1714 479 1745 et
502 1711 627 1746 vinum
649 1716 834 1759 apparent.

169 1764 275 1804 Quod
304 1767 333 1801 si
356 1769 540 1812 xulfarem
561 1780 752 1816 sequannn
772 1770 998 1816 prothesin
1019 1771 1063 1806 de
1085 1772 1169 1807 sub-

113 1823 255 1857 stantiis
278 1827 478 1871 corporeis,
503 1827 558 1861 vel
580 1829 801 1874 compositiS,
826 1828 992 1877 dicerem7
1016 1826 1072 1878 (ut
1089 1831 1168 1874 jam

112 1880 347 1923 praecedente
368 1883 532 1929 Epistola
554 1889 713 1921 mentem
737 1897 855 1921 meam
885 1885 1062 1937 exposui)
1093 1889 1169 1922 xin-

112 1938 232 1973 culum
261 1940 515 1988 substantiale,
552 1955 614 1978 seu
646 1946 740 1990 quod
778 1945 921 1980 additur
951 1946 1169 1981 Monadibus

112 1995 366 2044 substantiale,
388 2001 483 2045 quod
507 2001 748 2037 substantiam
770 2004 1011 2048 compositam
1034 2005 1167 2039 forma-

110 2051 193 2089 liter
221 2057 427 2103 constituit,
464 2062 499 2094 et
528 2060 776 2105 phaenomena
812 2062 981 2108 realizat,
1020 2064 1166 2111 mutari,

111 2111 221 2147 salvis
244 2115 482 2163 monadibus3
511 2118 616 2165 quia,
650 2123 688 2154 ut
710 2119 807 2167 dixi,
836 2120 958 2155 anima
982 2122 1167 2157 vermiculi

109 2179 182 2205 nou
214 2175 268 2207 est
298 2172 341 2207 de
371 2175 573 2211 substantia
594 2179 774 2225 eorporis,
807 2178 844 2213 in
867 2189 939 2224 quo
962 2183 1015 2215 est
1038 2181 1167 2216 vermi-

108 2229 224 2275 culus,
254 2241 319 2266 nec
347 2233 620 2280 multiplicanda
645 2240 727 2271 sunt
750 2237 922 2272 miracula
944 2242 1086 2283 praeter
1108 2250 1167 2274 ue-

109 2288 324 2324 cessitatem.

109 2341 208 2379 ditur
235 2346 480 2397 Monadibus,
520 2362 600 2388 mea
630 2354 830 2399 sententia,
870 2357 924 2388 cst
960 2355 1167 2391 absolutum

110 2403 308 2453 quoddz,1m
342 2408 437 2453 quod
468 2411 535 2445 etsi
564 2411 601 2445 iu
629 2414 734 2446 natur
737 2423 778 2446 ie
800 2422 905 2446 cursu
927 2418 1092 2448 atcuiate
1114 2425 1169 2449 ie-

111 2460 285 2504 spondeat
303 2466 497 2502 monadum
513 2469 916 2516 affectionibus,nempe
933 2472 1168 2517 perceptioni·

111 2515 178 2552 bus
193 2521 251 2554 et,
241 2524 539 2583 appetitionibuS,
556 2527 606 2562 ita
622 2530 660 2562 ut
680 2528 716 2562 iu
728 2528 884 2563 Monade
895 2528 929 2563 le
931 2540 966 2573 ‘ri
976 2530 1101 2576 possit
1113 2531 1167 2565 cui

110 2585 251 2621 corpori
261 2583 500 2629 corpusinfflt
517 2595 624 2631 super
627 2589 731 2621 natur
734 2587 838 2622 aliter
854 2588 1166 2624 tamenviuculum

109 2632 343 2672 substantiale
358 2644 475 2684 potest
492 2654 567 2678 esse
581 2654 602 2678 a
619 2643 841 2680 Mon-adibus
859 2645 1112 2693 independenS,
1133 2650 1167 2681 ct
1195 2667 1197 2677 ι

111 2693 338 2729 manentibus
366 2699 547 2742 pr·i01ibus
582 2703 800 2738 monadibus
836 2704 991 2752 mutaii,
1022 2708 1057 2740 et
1084 2705 1167 2739 aliis
1194 2707 1196 2718 ⁴

110 2750 329 2787 monadibus
364 2759 600 2794 accomodari.
668 2761 722 2795 Ita
763 2762 936 2798 monades
980 2762 1086 2808 panis
1131 2766 1166 2797 et

111 2807 186 2842 vini
208 2810 307 2845 omni
330 2811 471 2848 vinculo
492 2817 716 2853 substantiali
739 2824 921 2867 carcient,
945 2821 1064 2866 quoad
1087 2821 1164 2865 ipsa

107 2866 257 2903 reducta
285 2868 330 2903 ad
358 2872 489 2907 statum
510 2873 725 2920 lupothesos
752 2889 933 2913 inermum
966 2879 1163 2914 Monadum

109 2923 193 2959 sint.
245 2925 594 2966 Accide11tiaz=1utt1n
624 2935 726 2980 panis
756 2939 792 2971 et
814 2936 900 2982 ιίιιί,
924 2947 985 2971 scu
1007 2937 1163 2982 phaeno-

110 2991 216 3017 mena
246 2986 459 3032 manebunt,
489 2988 642 3025 sednon
666 2994 701 3026 in
723 3004 873 3039 corpore
895 2994 1044 3041 Christi,
1083 2998 1162 3030 tan-
1190 3002 1192 3035 J
1221 2999 1320 3035 velis.

107 3048 217 3085 quam
238 3042 276 3077 in
296 3043 479 3090 subjecto,
501 3044 606 3091 idque
622 3050 729 3085 etiam
745 3052 1012 3097 Theologmum
1029 3052 1160 3088 doctri-
1189 3065 1191 3073 ·

107 3107 175 3133 nae
201 3102 389 3149 convenit,
417 3113 462 3137 ne
483 3102 606 3138 album
634 3110 669 3140 et
696 3110 890 3145 iotundum
918 3110 988 3145 coli
1009 3110 1159 3157 dim-itui,

108 3156 204 3200 quod
225 3162 360 3195 annoto
381 3160 427 3196 ad
448 3171 637 3197 numerum
663 3163 711 3198 1ss
737 3166 920 3211 Fpistolae
942 3171 1025 3204 tuae
1047 3179 1160 3214 nupe-

111 3222 189 3253 iac,
225 3216 287 3251 ubi
321 3218 432 3253 etiam
469 3229 542 3254 non
577 3218 682 3253 video
711 3225 892 3265 quomodo
913 3226 1043 3262 albedo
1064 3227 1159 3261 uniri
1188 3242 1190 3268 ι

107 3272 222 3316 possit
251 3276 402 3323 angulo,
431 3276 501 3311 nisi
523 3277 584 3312 fiat
603 3276 728 3323 albus,
766 3280 821 3313 vel
858 3282 981 3318 albuin
1003 3283 1036 3318 ei
1058 3285 1160 3319 unia-
1188 3283 1190 3316 ἓ

109 3329 177 3364 tur.
237 3330 350 3368 Porro
384 3333 526 3372 vincula
551 3334 802 3372 substantialia
825 3337 975 3385 videris,
1006 3351 1158 3378 numero

387 2291 580 2328 Vinculum
608 2294 844 2330 substantiale
872 2296 967 2341 quod
998 2298 1168 2343 superad-
1198 2304 1200 2330 ι

1214 549 1215 555 ’
1245 554 1319 596 est,
1349 561 1391 585 ea
1412 560 1521 597 genel
1523 551 1637 586 ationi
1659 555 1695 587 et
1715 553 1937 600 corruptioni
1958 554 2153 599 subjacere.
2212 560 2301 594 Nul-

1212 609 1315 643 lam
1338 608 1448 643 etiam
1470 609 1556 644 novi
1578 609 1782 646 Monadum
1804 611 2119 661 modificationem,
2144 616 2201 650 vel
2216 619 2301 653 sub-

1211 705 1212 718 *
1241 667 1466 713 stantialem,
1497 669 1551 703 vel
1573 668 1852 717 accidentalem,
1880 681 1972 716 quae
2001 673 2198 708 constituat
2218 675 2301 710 sub·

1209 731 1211 774 ζ
1239 726 1410 761 stantiam
1440 727 1700 774 compositam,
1733 732 1841 775 prout
1872 739 1949 763 rem
1965 730 2145 777 accepisse
2167 731 2299 767 videris

1208 827 1209 830 Ἰ
1238 795 1387 820 numero
1415 787 1478 820 tuo
1509 788 1625 821 sexto.
1687 786 1761 822 Nec
1796 787 1988 834 quicquam
2020 788 2058 822 in
2080 789 2300 826 Monadibus

1204 877 1205 881 ,
1235 854 1405 890 agnosco,
1424 843 1804 892 nisiperceptioneS,et
1822 846 2071 892 appetitiones.
2095 847 2298 895 Vinculum,

1234 902 1330 948 quod
1351 902 1593 937 substantiam
1615 903 1855 950 compositam
1873 904 1968 951 facit,
1986 906 2096 940 nolim
2115 907 2299 953 appellare

1234 960 1396 996 accidens
1410 961 1637 1008 absolutum,
1665 963 1747 1009 quia
1773 962 1861 997 mihi
1885 973 1993 997 omne
2016 963 2221 1000 absolutum
2245 969 2300 1001 est

1233 1019 1482 1054 substantiale.
1505 1020 1610 1061 Quod
1620 1021 1649 1055 si
1659 1021 1916 1056 aecidensinde
1934 1022 2050 1057 facere
2061 1023 2159 1068 velis,
2172 1023 2216 1058 lis
2230 1024 2299 1059 erit

1233 1078 1276 1113 de
1298 1079 1465 1124 nomine,
1487 1078 1685 1125 incongrua
1707 1084 1828 1115 tamen
1848 1079 1984 1114 locutio
2014 1081 2101 1125 crit,
2131 1082 2298 1117 substan-

1233 1138 1322 1171 tiam
1351 1137 1594 1182 compositam
1633 1149 1695 1184 per
1724 1138 1958 1172 accidentalia
1985 1139 2174 1184 constitui3
2214 1150 2296 1176 cum

1232 1195 1509 1241 Smiglecius
1545 1196 1857 1231 Aristotelem
1886 1198 2026 1231 secutus
2048 1196 2161 1243 dicat,
2205 1198 2295 1233 acci-

1235 1254 1324 1289 dens
1347 1266 1419 1290 non
1440 1265 1517 1289 esse
1535 1255 1612 1289 sine
1633 1254 1807 1301 subjecto,
1832 1254 1989 1289 ostendit
2006 1265 2068 1289 ens
2085 1255 2295 1292 absolutum

1233 1324 1254 1347 a
1276 1324 1313 1348 se
1335 1324 1406 1348 non
1428 1312 1583 1348 admitti.
1631 1314 1753 1349 Nolim
1776 1313 1872 1348 enim
1894 1313 1966 1347 Ens
1988 1313 2165 1349 realizaus
2186 1315 2293 1361 phae-

1233 1383 1389 1407 nomena
1426 1372 1647 1417 distinguere
1676 1383 1696 1407 a
1719 1371 1861 1406 vinculo
1883 1370 2133 1419 substantiali,
2170 1375 2210 1408 ut
2239 1374 2292 1408 fa-

1232 1442 1311 1466 cere
1342 1430 1473 1466 videris
1504 1427 1577 1465 ΝΟ.
1606 1431 1639 1465 7.
1703 1430 1799 1465 Ilaec
1829 1430 1900 1465 duo
1929 1430 2027 1465 enim
2055 1430 2143 1465 mihi
2167 1441 2293 1466 revera

1232 1493 1313 1524 sunt
1334 1489 1448 1536 idem,
1486 1492 1520 1524 et
1542 1488 1734 1523 dicendum
1755 1491 1830 1533 est,
1864 1488 1959 1523 nasci
1982 1499 2044 1534 ea,
2074 1491 2109 1522 et
2131 1488 2291 1524 interire.

1232 1548 1364 1582 Positis
1386 1559 1472 1592 crgo
1502 1547 1716 1581 substantiis
1738 1546 1970 1591 compositis,
2001 1545 2088 1580 mihi
2110 1545 2291 1593 incompa-

1202 1590 1205 1641 ,Ἰ
1231 1606 1395 1641 rabiliter
1417 1605 1555 1640 facilius
1575 1604 1736 1650 videtur,
1759 1607 1795 1638 et
1815 1603 2087 1638 convenientius
2109 1604 2292 1641 destruere

1231 1674 1314 1709 ens,
1351 1663 1459 1697 realiz
1463 1673 1527 1696 ιιιι5
1564 1662 1833 1707 phaenomena,
1871 1672 1949 1695 serv
1953 1661 2022 1696 atis
2057 1663 2290 1711 monadibus,

1201 1731 1337 1791 quam
1358 1723 1504 1765 contra,
1529 1723 1569 1754 ut
1590 1720 1723 1755 xideiis
1745 1719 1853 1754 malle
1874 1715 1947 1753 ΝΟ.
1973 1719 2008 1754 S.

1201 1793 1203 1842 l
1287 1778 1578 1814 Niodificationes
1609 1778 1714 1812 unius
1746 1777 1911 1812 monadis
1934 1780 2017 1811 suut
2039 1787 2169 1812 causae
2192 1778 2290 1814 idea-

1201 1852 1202 1882 ι
1228 1837 1278 1870 les
1300 1836 1611 1871 inoditicationum
1633 1836 1780 1871 alteiius
1809 1834 1974 1869 monadis
2012 1830 2082 1883 (de
2113 1846 2185 1881 quo
2212 1847 2254 1881 ag,
2247 1837 2289 1872 is

1200 1935 1201 1939 Ἰ
1228 1891 1411 1942 N⁰.17.)
1434 1897 1610 1939 quatenus
1632 1894 1669 1929 in
1691 1904 1763 1928 una
1786 1893 1941 1928 monade
1971 1898 2148 1939 apparent
2177 1895 2288 1930 ratio-

1226 1964 1298 1998 nes,
1321 1963 1413 1997 quac
1435 1953 1551 1986 Deum
1573 1952 1618 1986 ad
1641 1951 1930 1987 modificationes
1960 1951 1998 1985 in
2028 1951 2101 1986 alia
2130 1953 2288 1988 monade

1200 2047 1201 2056 ἵ
1227 2011 1496 2046 constituendas
1531 2010 1577 2045 ab
1609 2010 1714 2046 initio
1744 2020 1867 2045 rerum
1899 2013 2103 2045 moverunt.
2165 2011 2288 2046 Infini-

1200 2109 1201 2116 ἵ
1227 2069 1314 2104 tudo
1345 2068 1506 2104 continui
1536 2068 1696 2115 physici,
1725 2068 1761 2103 in
1784 2068 1987 2114 Hypothesi
2009 2079 2189 2119 morarum
2211 2080 2288 2105 mo-

1199 2135 1201 2175 g
1226 2127 1374 2174 nadum,
1398 2139 1469 2163 non
1491 2130 1566 2163 tam
1589 2127 1757 2173 penderet
1781 2137 1827 2161 ex
1849 2127 1990 2162 ratione
2011 2127 2153 2173 optimi,
2177 2138 2287 2173 quam

1199 2177 1201 2224 s
1228 2196 1274 2221 ex
1310 2187 1490 2232 principio
1520 2186 1688 2221 Rationis
1724 2185 1951 2230 sufficientis3
1988 2185 2073 2230 quia
2104 2186 2204 2221 nulla
2232 2189 2287 2221 est

1228 2245 1321 2279 ratio
1342 2244 1523 2280 limitandi
1544 2255 1606 2279 seu
1629 2243 1787 2289 finiendi,
1811 2243 1886 2277 sive
1908 2243 2042 2278 alicubi
2064 2243 2224 2279 sistendi.

1285 2303 1504 2338 Continuum
1528 2313 1612 2337 vero
1628 2301 1930 2337 Mathematicum
1952 2301 2116 2337 consistit
2132 2302 2168 2337 in
2185 2312 2286 2338 mera

1197 2390 1198 2397 ,
1228 2361 1488 2407 possibilitate,
1521 2365 1561 2395 ut
1584 2360 1744 2405 numeri3
1776 2361 1858 2394 ideo
1886 2360 1923 2394 in
1944 2370 1988 2394 eo
2009 2360 2209 2394 necessaria
2231 2362 2286 2395 est

1198 2442 1199 2446 ι
1228 2418 1418 2453 intinitudo
1439 2429 1485 2454 ex
1507 2419 1584 2464 ipsa
1606 2418 1683 2461 ejus
1701 2419 1861 2452 notione.

1286 2477 1477 2511 Caeterum
1500 2476 1710 2521 miraberis,
1733 2473 2043 2510 Reverendissime
2063 2473 2189 2521 Pater,
2220 2475 2284 2510 ubi

1228 2543 1285 2568 me
1306 2534 1459 2580 videbis,
1481 2545 1541 2568 eas
1563 2534 1701 2569 litteras
1725 2533 1863 2567 Vienna
1885 2532 2077 2566 Austriaca
2098 2531 2195 2566 dare.
2236 2533 2285 2568 11-

1197 2600 1198 2605 ¹
1227 2592 1283 2627 luc
1302 2603 1414 2638 usque
1435 2591 1647 2627 excurrendi
1669 2592 1832 2626 animum
1853 2590 1984 2636 sumsi,
2014 2600 2096 2624 cum
2116 2590 2153 2624 in
2173 2590 2284 2626 Ther-

1226 2651 1295 2685 mis
1317 2650 1496 2686 Carolinis
1516 2661 1631 2697 nuper
1658 2651 1754 2696 apud
1782 2649 1956 2695 Magnum
1977 2648 2178 2682 Russorum
2199 2648 2283 2684 Μο-

1226 2709 1396 2744 narcham
1425 2712 1595 2745 evocatus
1617 2709 1684 2752 egi.
1746 2698 1909 2742 Medium
1930 2706 2027 2740 enim
2044 2704 2123 2749 jam
2145 2706 2283 2742 itineris

1224 2769 1463 2803 confeceram.
1525 2767 1692 2802 Haerebo
1722 2766 1798 2812 hic,
1834 2764 1948 2798 donec
1977 2767 2173 2808 tempestas
2195 2764 2282 2798 anni

1224 2825 1421 2871 molliatur,
1443 2824 1527 2860 inde
1551 2825 1647 2860 bono
1663 2835 1744 2859 cum
1764 2824 1840 2858 Deo
1857 2822 2007 2857 domum
2024 2822 2143 2856 redire
2159 2832 2279 2867 spero·

1223 2884 1412 2918 Caeterum
1434 2883 1598 2926 intelligo
1620 2886 1655 2918 et
1677 2882 1885 2917 fasciculum
1907 2891 1927 2914 a
1944 2882 1978 2914 te
1999 2880 2148 2925 venisse,
2172 2889 2280 2924 quem

1221 2942 1259 2976 in
1294 2942 1452 2977 reditum
1488 2951 1610 2976 meum
1646 2940 1785 2975 differri
1824 2941 1986 2985 oportet,
2028 2937 2098 2972 nisi
2141 2937 2277 2972 remitti

1277 3056 1384 3098 Quod
1421 3059 1601 3103 superest,
1637 3055 1716 3091 vale
1745 3057 1782 3089 ct
1809 3055 1902 3089 fave.
1963 3050 2106 3086 Dabam
2135 3051 2277 3087 Vienna

1219 3114 1409 3150 Austriaca
1433 3114 1499 3150 24.
1521 3115 1666 3150 Januar.
1696 3112 1821 3148 1713.

1814 3165 2066 3201 Deditissimus

1590 3229 1635 3264 G.
1682 3227 1726 3262 G.
1771 3222 2157 3260 Leibnitius

1443 433 1511 468 Sed
1542 444 1622 469 mea
1659 436 1862 485 sententia,
1889 436 2057 475 admissis
2091 442 2303 478 substantiis
2346 480 2348 483 ,

2336 3032 2338 3069 l
