2361 3643
74 119 158 161 158

73 223 198 267 natur,
229 219 290 255 sed
311 218 430 266 potius
453 217 661 253 adversatur
681 216 770 263 illis,
800 217 861 263 qui
882 217 989 253 rebus
1009 218 1120 253 aetio-

72 290 156 314 nem
176 278 359 313 adimunt:
382 287 467 311 nam
487 286 596 321 quam
615 278 752 310 eertum
773 279 826 311 est
846 276 1035 312 materiam
1056 288 1120 323 per

74 348 112 372 se
128 340 267 372 motum
282 346 355 370 11011
371 335 536 380 1110111010,
554 337 629 368 tam
645 336 782 369 eertum
797 337 862 381 est,
882 329 995 383 (quod
1012 346 1120 382 expe·

72 396 227 432 rimenta
262 394 372 429 etiam
407 392 601 428 ostendunt
635 393 818 439 praeclara
852 393 897 428 de
925 397 1026 429 motu
1053 394 1120 429 im-

73 465 194 501 presso
214 464 235 488 a
251 455 390 487 11101010
410 450 603 496 translato)
624 462 753 498 eorpus
773 462 837 498 per
852 462 890 486 se
906 455 1119 498 eoneeptum

72 512 180 547 semel
203 511 378 557 impetum
399 509 553 545 retinere
567 512 805 556 constansque
829 510 867 545 in
888 511 1035 546 levitate
1054 522 1119 546 sua

73 581 164 615 esse,
193 569 268 604 sive
291 569 329 603 in
348 568 413 603 illa
433 568 511 614 ipsa
531 568 742 603 mutationis
763 580 849 604 suae
871 569 982 616 serie,
1010 580 1120 616 quam
1152 571 1154 583 '

73 628 182 663 semel
209 630 263 662 cst
290 627 507 673 ingressum,
545 627 798 673 perseverandi
828 628 959 664 habere
988 628 1119 663 nisum.

72 688 172 728 Quae
191 686 314 732 utique
336 685 536 721 activitates
560 689 668 732 atque
689 686 917 735 entelechiae,
945 698 1029 723 cum
1046 698 1120 722 ma-

73 744 183 780 teriae
209 745 347 791 primae
374 744 449 779 sive
469 744 588 791 molis,
612 745 664 780 101
685 745 925 781 essentialiter
945 746 1118 793 passivae,
1188 757 1249 781 seu
1272 745 1346 780 vim
1361 746 1492 791 agendi
1508 746 1742 792 primitivam,
1766 757 1856 792 quae
1871 746 1949 793 ipsa
1969 748 2023 780 est
2042 746 2103 781 lex
2116 745 2237 792 insita,

72 803 354 839 modificationes
369 814 448 838 esse
463 814 537 838 non
552 804 702 851 possint,
723 804 775 839 uti
785 801 987 853 praeclare(
998 815 1120 850 quem-

71 862 269 897 admodum
284 865 453 908 sequente
467 863 690 909 paragrapho
706 860 882 909 dicemus)
901 864 946 898 ab
968 864 1046 910 ipso
1062 862 1122 906 ju·
1153 866 1155 870 ⁴

71 921 310 956 diciosissimo
340 921 537 956 Sturmio
558 921 721 967 agnitum
744 925 817 964 0513
847 922 901 957 vel
923 921 1006 956 hine
1024 920 1122 966 judi-
1154 919 1156 949 ἶ

71 980 144 1015 cari
175 983 315 1027 potest,
345 980 475 1015 debere
501 980 540 1014 in
559 991 731 1026 corporea
752 979 952 1015 substantia
973 979 1122 1026 reperiri

70 1039 305 1074 entelechiam
340 1038 514 1084 primam,
549 1038 696 1073 tandem
729 1036 890 1083 πςιαῖῖυιν
929 1028 1123 1071 δεκτικὸν

72 1097 286 1143 activitatis,
314 1097 389 1131 vim
413 1097 546 1131 scilieet
566 1097 755 1132 motrieem
776 1096 1009 1143 primitivam,
1031 1107 1122 1142 quae

71 1158 215 1202 praeter
243 1148 493 1190 extensionem
523 1154 613 1198 (5011
642 1155 679 1190 id
709 1155 805 1201 qnod
838 1158 892 1190 est
914 1166 1011 1191 mere
1040 1165 1123 1201 geo-

72 1215 281 1259 metricum)
299 1218 334 1249 et
354 1216 494 1260 praeter
515 1214 647 1249 molem
668 1213 755 1257 (5011
775 1214 812 1249 id
833 1214 929 1259 quod
951 1217 1005 1248 est.
1026 1225 1123 1248 mere

72 1269 283 1321 materiale)
311 1272 558 1319 superaddita,
594 1283 734 1318 semper
760 1272 907 1318 quidem
932 1273 1025 1319 agit,
1061 1272 1122 1307 sed
1156 1270 1157 1274 ’

73 1336 195 1367 tamen
224 1332 322 1366 varie
349 1342 396 1365 ex
426 1342 616 1377 corporum
637 1328 869 1366 concursibus
892 1342 954 1377 per
974 1334 1123 1366 conatus

73 1390 272 1436 impetusve
300 1390 535 1425 modificatur.
596 1391 714 1436 Atque
735 1389 801 1425 hoc
821 1391 939 1436 ipsum
960 1391 1125 1425 substan·

72 1449 158 1483 tiale
181 1448 397 1495 1111110111111111
419 1451 492 1495 051,
526 1449 622 1494 quod
645 1449 681 1483 in
705 1448 908 1483 viventibus
929 1450 1062 1495 anima,
1085 1449 1124 1483 in

71 1507 153 1543 aliis
175 1510 291 1543 forma
306 1508 554 1542 substantialis
569 1507 780 1553 appellatur,
802 1510 837 1543 01
853 1511 1027 1553 quatenus
1042 1518 1123 1542 011111

72 1566 224 1602 materia
254 1566 494 1601 substantiam
522 1578 605 1601 vere
625 1576 755 1611 unam,
786 1566 847 1601 sed
872 1577 983 1601 unum
1005 1578 1067 1613 per
1087 1578 1124 1601 50

78 1625 282 1670 constituit,
320 1625 357 1659 id
394 1625 479 1660 facit
513 1624 609 1671 quod
645 1636 711 1670 ego
741 1625 934 1660 monadem
962 1625 1124 1672 appello3

73 1694 155 1719 cum
183 1683 334 1718 sublatis
363 1683 417 1718 his
439 1695 539 1730 vere,
571 1685 607 1718 et
626 1683 783 1718 realibus
804 1683 1021 1730 unitatibus,
1051 1695 1125 1718 1100

76 1742 145 1776 11151
165 1742 263 1777 entia
283 1753 345 1788 per
366 1741 677 1788 aggwgationeni',
700 1742 774 1777 imo
795 1743 889 1788 quod
907 1743 987 1777 hine
1011 1743 1126 1788 sequi-

76 1804 134 1835 tur
154 1801 253 1835 nulla
284 1811 368 1835 vera
387 1801 486 1835 entia
507 1800 544 1835 in
565 1800 775 1847 corporibus
795 1801 867 1836 sint
887 1803 1125 1847 supersutura.

77 1858 155 1894 Etsi
175 1859 274 1893 enim
295 1859 424 1894 dentur
443 1859 557 1894 atomi
574 1860 809 1905 substantiae,
827 1863 969 1895 nostrae
990 1860 1125 1895 scilieet
1160 1873 1161 1878 ¹

76 1918 249 1953 monades
284 1917 446 1963 partibus
476 1921 657 1965 carentes,
698 1919 819 1953 nullae
846 1922 967 1953 tamen
996 1919 1128 1953 dantur

75 1977 188 2011 atomi
217 1976 340 2022 molis,
369 1987 430 2011 seu
460 1976 632 2011 minimae
652 1976 893 2023 extensionis,
923 1978 979 2012 vel
1000 1977 1128 2012 ultima

77 2099 194 2128 natur.
255 2093 406 2128 Prorsus
438 2093 490 2127 uti
518 2093 658 2128 nullum
680 2094 786 2128 datur
813 2106 875 2129 0115
897 2094 1130 2129 1110101011Χί-

76 2163 194 2198 mum,
233 2152 288 2186 vel
317 2152 531 2187 extensione
556 2152 756 2199 inlinitum,
793 2153 860 2187 etsi
889 2164 1029 2200 semper
1056 2153 1130 2188 alia

76 2211 160 2246 aliis
196 2209 336 2253 majora
371 2211 518 2256 (10011113
556 2210 619 2245 sed
654 2211 759 2246 datur
793 2214 935 2246 tantum
964 2223 1027 2247 ens
1055 2223 1131 2246 ma-

77 2270 219 2304 ximum
251 2268 454 2304 intensione
481 2269 732 2316 perfectionis,
761 2282 823 2305 seu
853 2270 1033 2306 infinitum
1061 2270 1131 2306 vir-

78 2330 167 2363 tute.

144 2385 207 2421 12.
238 2384 353 2420 Video
383 2388 504 2420 tamen
526 2385 799 2421 celeberrimum
820 2385 1068 2421 Sturmium
1092 2386 1131 2420 in

79 2445 144 2480 hae
179 2444 257 2489 ipsa
286 2444 539 2478 dissertatione
568 2445 792 2489 apologetica
828 2456 919 2491 cap.
953 2445 987 2479 4.
1027 2441 1059 2485 ξ.
1095 2444 1129 2478 7.

80 2506 115 2537 01
130 2514 229 2548 seqq.
252 2502 397 2536 insitam
418 2502 628 2548 corporibus
650 2502 724 2537 vim
741 2503 928 2537 motricem
945 2513 1131 2549 argumen-

82 2561 129 2595 tis
164 2561 380 2606 quibusdam
418 2560 628 2607 impugnare
659 2572 874 2607 aggmessum.
935 2561 1131 2596 1551111110-

81 2620 203 2663 danti,
232 2619 364 2664 inquit,
393 2619 449 2653 hie
479 2620 684 2665 ostendam,
721 2632 766 2655 ne
793 2631 959 2666 capacem
986 2619 1132 2665 quidem

82 2689 158 2712 esse
174 2678 413 2712 substantiam
429 2690 637 2723 corpoream
655 2679 836 2724 potentiae
851 2678 1002 2722 alicujus
1018 2678 1133 2713 active
1167 2688 1168 2696 ¹

83 2736 254 2772 motrieis.
314 2738 529 2780 Quanquam
549 2748 614 2781 ego
639 2748 711 2771 non
732 2738 883 2783 capiam,
909 2748 1000 2783 quae
1021 2737 1134 2783 possit.

83 2807 160 2830 esse
181 2794 343 2840 potentia
364 2806 436 2827 non
459 2794 573 2829 active
596 2796 739 2830 motrix.
778 2797 934 2831 (10011110
954 2800 1075 2830 autem
1097 2807 1134 2830 se

84 2912 266 2958 eorporis,
294 2912 407 2946 altero
435 2922 481 2946 ex
509 2913 639 2946 natura
668 2916 795 2947 motus.

86 2971 158 3005 dit:
196 2970 385 3004 materiam
405 2980 469 3004 sua
490 2971 619 3004 natura
641 2973 676 3003 et
698 2972 934 3006 essentialiter
957 2972 1136 3017 passivam

87 3040 163 3062 esse
184 3028 443 3073 substantiam;
465 3028 585 3073 itaque
606 3027 674 3073 ipsi
699 3030 774 3064 dari
796 3030 870 3063 vim
891 3030 1046 3064 activam
1061 3042 1136 3065 11011
1169 3041 1170 3045 ’

90 3087 204 3131 magis
233 3099 309 3121 esse
330 3087 519 3133 possibile,
547 3097 655 3131 quam
677 3088 703 3121 si
729 3089 823 3122 Deus
844 3088 1020 3134 lapidem,
1050 3089 1137 3124 dum
1169 3086 1171 3091 ’

90 3146 180 3191 lapis
208 3148 347 3190 manet,
383 3146 471 3180 velit
499 3156 575 3179 0550
605 3144 751 3180 vitalem
777 3151 812 3180 et.
832 3147 1067 3192 rationalem,
1100 3149 1137 3183 111
1171 3163 1172 3170 ¹

92 3206 233 3237 estnon
252 3204 426 3249 lapidem:
458 3203 587 3238 deinde
610 3214 701 3248 quae.
722 3205 760 3237 in
781 3216 928 3249 corpore
945 3210 1137 3253 ponantur,

52 3302 56 3306 1
92 3273 134 3296 ea
162 3272 238 3295 0551,
267 3265 408 3296 tantum
437 3261 611 3298 materiae
632 3262 931 3307 modificationes,
962 3265 1141 3299 modifica·
1172 3238 1177 3313 i

94 3319 231 3355 tionem
261 3323 381 3356 autem
409 3318 536 3368 (quod
557 3320 699 3368 pulchre
721 3321 856 3356 dictum
876 3320 1060 3369 agnosco)
1090 3323 1141 3358 rei
1174 3315 1178 3351 l

856 2913 959 2948 l’rius
987 2914 1053 2947 huc
1082 2924 1136 2948 10·
1169 2911 1170 2918 ’

875 125 913 160 L.
975 125 1040 160 DE
1072 124 1178 163 IPSA
1208 126 1425 162 NATURA.

1187 218 1424 256 essentialiter
1444 217 1607 264 passivae
1629 209 1708 253 non*
1733 229 1839 265 posse
1867 229 1943 255 rem
1973 219 2119 255 reddere
2148 219 2236 256 aeti-

1187 290 1281 314 vam.
1341 277 1409 312 Sed
1436 276 1644 323 responderi
1673 277 1861 312 commode
1880 281 1997 324 potest
2016 290 2062 313 ex
2092 282 2236 325 recepta

1186 348 1261 372 non
1290 336 1410 371 minus
1439 345 1547 381 quam
1574 346 1659 370 vera
1685 335 1926 382 philosophia:
1965 337 2153 372 materiam
2182 338 2236 372 in-

1187 394 1300 441 telligi
1335 394 1391 429 vel
1419 394 1631 440 secundam,
1659 395 1716 430 vel
1739 394 1912 441 primam3
1946 396 2137 431 secundam
2157 407 2236 431 0550

1187 454 1331 500 quidem
1354 453 1593 488 substantiali}
1613 453 1840 499 completam,
1863 453 1925 488 sed
1945 464 2019 488 non
2040 464 2136 489 mere
2156 466 2236 501 pas-

1187 513 1324 555 sivamg
1355 511 1510 558 primam
1531 523 1605 547 esse
1626 522 1724 546 mere
1746 511 1950 558 passivam,
1982 512 2045 546 sed
2067 523 2139 547 non
2160 525 2236 548 0550

1187 570 1404 616 completam
1434 570 1695 615 substantiamz,
1727 570 1964 616 aecedereque
1992 570 2083 605 adeo
2105 571 2235 606 debere

1187 630 1366 674 animam,
1401 628 1457 663 vel
1486 631 1642 664 sormam
1669 628 1813 664 animae
1833 628 2046 675 analogam,
2078 629 2107 663 si
2130 620 2236 662 ἐντε-

1188 677 1368 730 λέχειαν
1406 676 1487 731 τήν
1523 675 1704 732 πρώτην,
1744 688 1781 723 id
1811 690 1866 722 est
1897 687 2017 722 nisum
2045 686 2237 733 quendam,

1188 805 1330 840 decreto
1366 804 1490 839 divino
1523 804 1708 851 impressa.
1775 806 1809 839 A
1847 815 1917 851 qua
1952 804 2129 839 sententia
2164 815 2240 838 non

1188 867 1276 910 puto
1297 862 1489 898 abhorrere
1510 863 1628 899 virum
1649 864 1824 899 0010111001
1844 867 1879 899 et
1899 863 2145 909 ingeniosum,
2177 862 2238 908 qui

1189 934 1303 968 nuper
1323 921 1503 968 defendit,
1534 933 1663 969 eorpus
1684 925 1850 958 constare
1871 933 1918 957 ex
1938 922 2090 956 materia
2111 924 2148 956 et
2168 920 2240 967 spi-

1156 1015 1157 1019 ,
1190 981 1280 1024 1·1111;
1302 980 1411 1016 modo
1433 984 1594 1016 sumatur
1616 981 1762 1027 spiritus
1783 992 1857 1016 non
1872 992 1938 1027 pro
1953 992 1991 1015 re
2006 980 2239 1025 intelligente,

1192 1040 1249 1084 (ut
1268 1039 1359 1074 alias
1381 1039 1489 1084 solet)
1513 1040 1575 1074 sed
1596 1050 1661 1085 pro
1682 1039 1815 1086 anima,
1846 1039 1904 1074 vel
1934 1041 2071 1074 formae
2097 1038 2241 1073 animae

1190 1098 1355 1144 analogo,
1391 1108 1457 1132 nee
1490 1109 1554 1143 pro
1585 1098 1740 1144 simplici
1768 1098 2053 1144 modificatione,
2091 1097 2153 1131 sed
2175 1107 2241 1143 pro

1190 1156 1424 1192 constitutivo
1445 1156 1675 1192 substantiali
1697 1159 1965 1204 perseverante,
1996 1155 2093 1202 quod
2115 1155 2241 1190 Mona-

1191 1217 1246 1251 dis
1276 1215 1423 1250 nomine
1451 1216 1634 1262 appellare
1662 1216 1780 1262 soleo,
1810 1216 1849 1250 in
1876 1226 1948 1261 quo
1969 1218 2024 1249 est
2043 1214 2142 1249 velut
2163 1224 2242 1260 per-

1190 1275 1319 1321 ceptio,
1353 1277 1389 1309 et
1418 1274 1610 1320 appetitus.
1670 1275 1767 1310 Haec
1795 1286 1879 1321 ergo
1900 1276 2041 1320 recepta
2065 1272 2240 1318 doctrina,

1156 1365 1157 1372 ,
1191 1338 1227 1370 et
1255 1333 1456 1368 scholarum
1486 1333 1645 1379 dogmati
1672 1333 1826 1379 benigne
1855 1332 2036 1379 explicato
2056 1334 2244 1367 consenta-

1156 1432 1158 1438 .
1191 1403 1278 1438 nea,
1306 1392 1497 1427 refutanda
1528 1395 1583 1426 est
1610 1392 1725 1439 prius,
1755 1395 1795 1427 ut
1816 1394 2066 1437 argumentum
2087 1390 2241 1424 11110111-

1156 1439 1158 1492 i,
1191 1451 1326 1488 11551011
1346 1450 1420 1484 vim
1441 1450 1572 1485 habere
1592 1451 1727 1497 possit,
1759 1450 2063 1496 quemadmodum
2099 1452 2134 1484 et
2160 1448 2243 1483 11100

1192 1512 1309 1557 patet,
1332 1520 1405 1544 non
1427 1520 1530 1555 posse
1552 1510 1716 1555 c‹1›ncedi,
1739 1509 1836 1555 quod
1856 1508 2043 1554 assumsit,
2073 1506 2243 1554 quicquid

1193 1571 1245 1604 est
1267 1568 1305 1602 in
1326 1567 1529 1602 substantia
1548 1578 1736 1614 corporea,
1767 1579 1843 1602 esse
1865 1566 2036 1602 materiae
2063 1566 2243 1600 111011111οα-

1194 1627 1343 1662 tionem,
1382 1626 1519 1661 Notum
1540 1629 1593 1661 est
1613 1626 1721 1672 enim,
1744 1626 1884 1661 animas
1905 1626 2022 1660 inesse
2043 1623 2243 1659 viventium

1193 1686 1403 1732 corporibus
1424 1685 1618 1719 seeumlmn
1638 1687 1818 1731 receptam
1841 1683 2121 1731 philosophiam,
2151 1693 2244 1728 quae

1194 1745 1318 1790 wique
1354 1744 1640 1779 modificationes
1678 1755 1753 1778 non
1783 1746 1878 1777 sunt.
1938 1742 2037 1777 Licet
2064 1741 2162 1776 enim
2189 1740 2244 1775 vir

1194 1803 1356 1850 egregius
1375 1802 1596 1837 contrarium
1612 1805 1780 1847 statuere,
1797 1811 2011 1847 omnemque
2032 1799 2107 1835 veri
2127 1799 2245 1834 nomi-

1195 1862 1250 1896 nis
1278 1872 1423 1896 sensum
1451 1861 1670 1896 animalibus
1700 1860 1815 1895 brutis
1842 1860 2074 1904 animamque
2101 1857 2246 1905 proprie

1196 1920 1330 1956 dietam
1357 1920 1515 1955 adimere
1544 1919 1727 1964 videatur,
1758 1918 1975 1954 sententiam
2005 1921 2127 1952 tamen
2155 1917 2246 1952 hane

1161 2015 1163 2024 y
1196 1990 1261 2026 pro
1291 1978 1526 2014 fundamento
1548 1977 1867 2015 demonstrationis
1887 1987 2068 2012 assumere
2088 1987 2163 2011 non
2183 1986 2247 2022 po·

76 2036 273 2079 elementa,
304 2045 386 2069 eum
412 2045 460 2069 ex
487 2035 628 2081 punctis
655 2035 866 2070 continuum
888 2046 962 2070 non
983 2047 1129 2082 compo·
1161 2029 1163 2053 ἶ

1197 2041 1285 2084 test,
1315 2040 1511 2083 antequam
1532 2036 1610 2083 ipsa
1630 2037 1907 2072 demonstretur.
1968 2036 2014 2071 Et
2040 2038 2165 2070 contra
2184 2045 2246 2080 po-

1198 2097 1268 2131 tius
1290 2096 1457 2142 arbitror,
1491 2106 1606 2141 neque
1627 2095 1757 2141 ordini,
1779 2106 1895 2141 neque
1916 2093 2171 2141 pulchritlulini
2190 2103 2246 2128 ra-

1198 2154 1335 2190 tionive
1355 2165 1475 2189 rerum
1496 2165 1574 2189 esse
1592 2157 1886 2200 consentaneum,
1910 2156 1949 2188 ut
1970 2152 2079 2187 vitale
2099 2151 2247 2198 aliquid,

1198 2225 1259 2248 seu
1289 2213 1529 2248 immanenter
1561 2224 1669 2258 agens
1698 2213 1744 2248 sit
1772 2213 1811 2247 in
1831 2212 1963 2258 exigua
1982 2214 2124 2246 tantum
2146 2212 2248 2256 parte

1199 2272 1386 2318 materiae,
1415 2282 1497 2306 cum
1519 2271 1565 2306 ad
1586 2271 1761 2315 majorem
1780 2270 2036 2317 perfectionem
2054 2269 2246 2315 pertineat,

1199 2334 1240 2366 ut
1259 2331 1306 2365 sit
1325 2330 1364 2365 in
1384 2330 1505 2374 0111013
1534 2340 1649 2375 neque
1671 2329 1862 2375 quiequam
1878 2328 2009 2375 obstet,
2034 2338 2105 2373 quo
2129 2326 2248 2361 minus

1199 2389 1333 2434 ubique
1358 2388 1432 2422 sint
1461 2388 1603 2422 animae,
1631 2390 1694 2422 aut
1714 2388 1867 2433 analoga
1889 2387 2017 2422 saltem
2037 2385 2247 2431 animabus3

1200 2447 1266 2482 etsi
1298 2446 1526 2481 dominantes
1554 2446 1715 2491 animae,
1744 2448 1852 2491 atque
1879 2445 1969 2480 adeo
1991 2444 2246 2490 intelligentes,

1201 2505 1323 2552 quales
1343 2508 1426 2539 511111.
1446 2506 1634 2550 humanae,
1656 2505 1789 2550 ubique
1809 2516 1884 2539 esse
1904 2515 1979 2538 non
1999 2503 2152 2549 possint.

1264 2564 1326 2598 13.
1346 2563 1527 2598 Posterius
1541 2566 1792 2606 argumentum
1806 2563 1901 2608 quod
1922 2573 1968 2597 ex
1984 2565 2113 2597 natura
2128 2564 2250 2597 motus

1201 2623 1311 2657 sumit
1327 2622 1381 2657 vir
1397 2622 1438 2656 cl.
1455 2621 1642 2668 0111101001,
1666 2625 1705 2657 ut
1721 2622 1809 2656 mihi
1831 2621 1976 2667 quidem
1992 2621 2144 2666 videtur,
2166 2631 2250 2655 eon-

1201 2681 1367 2716 eludendi
1391 2680 1640 2715 necessitatem
1662 2692 1736 2715 non
1757 2680 1877 2717 habet.
1938 2680 2079 2715 Motum
2100 2679 2151 2713 ait
2172 2689 2249 2713 esse

1202 2740 1439 2774 successivam
1460 2743 1600 2774 tantum
1616 2740 1667 2774 rei
1691 2742 1811 2774 motae
1831 2738 1869 2773 in
1891 2738 2042 2774 diversis
2065 2737 2150 2772 loeis
2172 2735 2247 2771 exi-

1169 2840 1170 2846 *
1203 2799 1384 2833 stentiam.
1429 2798 1674 2833 Concedamus
1695 2798 1761 2833 hoe
1783 2797 1946 2843 interim,
1968 2800 2004 2832 et
2025 2796 2054 2830 si
2077 2806 2150 2829 non
2171 2805 2248 2828 om—

83 2864 230 2889 usurum
257 2853 309 2887 ait
338 2856 570 2897 argumento,
600 2864 672 2887 uuo
701 2866 721 2887 a
744 2858 871 2890 natura
899 2855 1071 2889 materiae
1099 2858 1135 2889 et
1168 2850 1170 2883 ἶ

1203 2857 1290 2891 111110
1311 2857 1516 2902 satisfaciat,
1545 2857 1728 2902 magisque
1748 2856 1804 2903 id,
1834 2856 1931 2901 quod
1951 2865 1997 2890 ex
2018 2856 2117 2888 motu
2138 2853 2248 2887 resul-

1204 2918 1275 2962 tat,
1305 2926 1413 2962 quam
1440 2915 1554 2961 ipsam
1576 2916 1644 2959 (ut
1663 2915 1811 2958 vocant)
1834 2913 2021 2949 formalem
2043 2910 2119 2955 ejus
2140 2911 2249 2946 ratio-

1203 2985 1286 3009 nem
1308 2974 1508 3020 exprimat,
1528 2986 1603 3009 non
1623 2974 1705 3009 ideo
1726 2976 1848 3008 tamen
1867 2971 2068 3007 excluditur
2094 2969 2149 3003 vis
2173 2980 2248 3005 mo-

1204 3033 1289 3068 trix.
1327 3032 1422 3067 Nam
1450 3044 1525 3067 non
1546 3035 1687 3067 tantum
1707 3042 1833 3076 corpus
1857 3028 2033 3076 praesenti
2055 3027 2108 3062 sui
2130 3031 2249 3062 motus

1205 3094 1389 3126 1110010010
1406 3091 1495 3125 inest
1513 3091 1550 3125 in
1566 3091 1645 3125 loco
1661 3089 1729 3123 sibi
1745 3090 2042 3132 commensurato,
2063 3087 2124 3121 sed
2141 3087 2249 3122 etiam

1205 3152 1375 3185 conatum
1401 3150 1527 3194 habet,
1556 3159 1618 3183 seu
1645 3148 1763 3182 nisum
1790 3145 1952 3180 mutandi
1974 3146 2109 3191 locum,
2140 3145 2189 3179 ita
2210 3148 2250 3180 ut

1206 3211 1318 3243 status
1339 3218 1490 3253 sequens
1510 3217 1556 3241 ex
1577 3204 1754 3251 praesenti
1775 3216 1837 3250 per
1858 3216 1896 3237 se
1925 3206 2074 3238 naturae
2102 3204 2138 3237 vi
2166 3215 2248 3238 con-

1209 3270 1397 3311 sequatur,
1429 3264 1563 3310 alioqui
1593 3262 1772 3309 praesenti
1793 3265 1977 3297 momento
2008 3258 2138 3310 (atque
2158 3262 2248 3297 adeo

1211 3327 1396 3361 momento
1416 3322 1568 3370 quovis)
1596 3332 1724 3369 eorpus
1745 3321 1795 3367 A,
1823 3321 1918 3368 quod
1948 3324 2112 3357 movetur
2132 3332 2154 3355 a
2173 3331 2250 3356 cor-
