2361 3643
93 140 177 183 162
760 137 835 175 LII.

898 137 964 172 DE
993 136 1177 173 LINGUA
1208 133 1591 172 CHARACTERICA.

91 253 170 288 cos,
199 239 260 274 sed
287 248 378 284 quae
398 245 538 272 caussas
559 231 807 279 intelligibiles
827 230 995 266 adferunt
1015 241 1138 267 rerum
1171 226 1175 285 i
1211 233 1378 277 expectat
1404 228 1517 264 orbis.
1577 226 1618 262 Id
1639 226 1727 261 mihi
1749 237 1822 262 non
1843 230 2004 275 tantum,
2033 229 2095 265 sed
2117 233 2151 265 et
2173 231 2259 265 Ger-

91 298 324 343 sensibilium,
347 295 409 329 ubi
433 294 525 339 licet,
550 295 611 327 aut
632 291 693 326 ubi
714 302 788 325 non
804 290 898 337 licet,
919 301 1139 336 consequen·
1171 294 1174 306 ¹

93 359 160 394 tias
194 357 319 391 saltem
354 353 460 388 utiles
487 352 679 387 effectuum
709 350 840 385 ducant
867 360 914 384 ex
943 349 1006 396 iis,
1046 359 1139 395 quac

92 427 197 452 sensu
227 418 323 449 certa
351 414 452 458 sunt,
482 410 548 445 etsi
578 409 740 444 nondum
769 408 816 444 ad
835 418 960 443 causas
981 408 1139 443 reducta.
1174 425 1177 456 g

90 474 194 516 Quod
216 473 246 506 si
267 472 315 506 sie
337 470 466 516 pergis,
490 469 653 515 profecto
669 468 815 514 efficies,
837 468 878 502 ut
895 466 1141 502 Fridcriciana
1173 468 1177 524 l

91 532 197 569 nobis
225 531 284 567 det
304 527 519 576 Academia,
541 527 639 575 quod
656 527 788 563 frustra
808 525 855 562 ab
877 526 958 562 aliis
979 525 1140 562 emditus

1175 526 1177 564 l

1209 290 1351 324 maniae
1365 288 1433 323 erit
1450 285 1703 333 gratissimum.
1735 286 1833 321 Vale.
1864 285 2006 323 Dabam
2022 288 2261 325 Hannoverae

1209 349 1243 384 d.
1268 347 1332 383 27.
1355 349 1450 394 Sept.
1478 345 1600 381 1699.

1703 401 1955 439 Deditissimus

1542 461 1699 497 Godes.
1731 461 1848 498 Guil.
1870 462 2141 500 Leibnitius.

1121 847 1250 905 LII.

574 968 966 1029 HISTORIA
1008 967 1116 1024 ET
1161 962 1780 1023 COMMENDATIO

94 1097 548 1177 LINGUAE
637 1091 1505 1172 CHARACTERICAE
1590 1089 2266 1168 UNIVERSALIS

559 1242 693 1284 QUAE
724 1241 871 1277 sIMUL
901 1241 974 1275 SIT
1004 1240 1096 1276 Alis
1128 1238 1416 1275 INVENIENDI
1447 1239 1510 1274 ET
1540 1235 1807 1273 JUDICANDI.

678 1417 830 1453 (ὓς-ΠΗ
856 1418 989 1446 Philoso
996 1417 1134 1451 pinques
1161 1420 1188 1444 et
1196 1425 1221 1444 c,

153 1586 264 1621 Vetus
286 1583 435 1619 verbum
456 1585 529 1628 est,
560 1582 677 1617 Deum
698 1580 821 1616 omnia
842 1580 1018 1627 pondere,
1049 1589 1147 1613 men-

96 1656 192 1691 sura,
220 1654 372 1678 numero
394 1642 528 1677 fecisse.
591 1642 680 1675 Sunt
701 1643 822 1675 autem
843 1651 934 1685 quae
954 1638 1147 1685 ptmderari

97 1715 172 1739 non
200 1705 368 1749 possunt,
408 1701 543 1735 scilicet
569 1711 661 1746 quae
688 1699 763 1733 vim
791 1702 827 1733 et
847 1698 1048 1745 potentiam
1070 1697 1149 1731 nul-

100 1764 172 1798 lam
208 1762 362 1806 habent,
399 1762 483 1793 sunt
513 1759 623 1794 ctiam
654 1769 744 1804 quae
772 1760 894 1792 carent
922 1756 1087 1802 partibus
1109 1767 1149 1790 ac

98 1820 250 1869 proinde
284 1829 490 1854 mensuram
524 1829 598 1852 non
626 1817 813 1863 recipiunt.
881 1816 949 1851 Sed
978 1815 1067 1850 nihil
1095 1818 1150 1849 cst

98 1879 196 1927 quod
237 1888 427 1913 numerum
471 1888 544 1912 non
580 1876 748 1922 patiatur.
819 1875 945 1920 Itaque
981 1884 1150 1909 numerus

99 1938 201 1985 quasi
228 1938 340 1984 figura
360 1936 536 1982 quaedam
557 1934 785 1981 Metaphyica
814 1937 887 1980 est,
918 1936 953 1969 et
973 1933 1152 1968 Arithme-

99 1998 170 2033 tica
196 1999 251 2031 est
276 1996 452 2042 quaedam
473 1994 606 2029 Statica
634 1993 808 2040 universi,
846 2003 917 2039 qua
944 2003 1061 2027 rerum
1092 2002 1155 2038 po-

99 2056 233 2092 tentiae
253 2054 499 2101 explorantur.

160 2115 243 2149 Jam
264 2113 347 2148 inde
367 2124 388 2147 a
409 2113 613 2157 Pythagora
634 2111 794 2157 persuasi
816 2112 961 2145 fuerunt
976 2109 1152 2156 homines,
1187 2120 1188 2129 ¹

101 2173 264 2209 maxima
291 2172 329 2206 in
350 2171 509 2206 numeris
531 2170 704 2215 111ysteria
726 2170 849 2206 latere.
910 2170 954 2204 Et
977 2170 1154 2215 Pythago-

101 2244 181 2268 ram
210 2231 381 2266 credibile
408 2233 479 2276 est,
512 2233 551 2263 ut
580 2229 651 2263 alia
673 2229 798 2274 multa,
829 2228 879 2263 ita
900 2228 990 2263 hanc
1012 2239 1153 2275 quoque

101 2291 312 2338 opinionem
341 2300 387 2323 ex
408 2288 554 2323 Oriente
580 2287 745 2322 attulisse
766 2288 804 2321 in
825 2288 1025 2322 Graeciam.

1084 2287 1151 2322 Sed
1186 2317 1188 2342 ἶ,

102 2361 185 2385 cum
213 2360 298 2383 vera
325 2347 445 2382 arcani
474 2346 582 2381 clavis
610 2346 852 2392 ignoraretur,
880 2345 971 2391 lapsi
992 2348 1075 2380 sunt
1095 2356 1153 2381 cu-
1186 2346 1188 2382 ἐ

103 2407 272 2444 riosiores
300 2406 338 2440 in
366 2405 482 2440 futilia
513 2407 548 2439 et
568 2404 832 2450 superstitiosa,
869 2404 964 2439 unde
986 2408 1071 2439 nata
1100 2406 1154 2438 cst

104 2465 265 2503 Cabbala
291 2464 467 2510 quaedam
495 2463 668 2509 vulgaris,
707 2474 729 2497 a
756 2474 840 2497 vera
868 2462 973 2508 longe
1000 2465 1151 2508 remota,

105 2528 143 2562 et
169 2523 326 2570 ineptiae
354 2522 568 2568 multiplices
588 2521 774 2565 cujusdam
796 2521 874 2556 falsi
897 2521 1055 2556 nominis
1076 2521 1154 2555 Ma-

105 2584 203 2631 giae,
233 2582 364 2628 quibus
390 2581 487 2628 pleni
507 2584 589 2615 sunt
605 2580 701 2616 libri.
762 2581 904 2615 Interea
925 2580 1033 2614 insita
1054 2590 1154 2614 man-

106 2643 154 2678 sit
189 2641 395 2677 hominibus
431 2639 583 2675 facilitas
618 2639 784 2674 credendi
813 2638 962 2674 mirifica
998 2637 1152 2673 inveniri

106 2712 210 2748 posse
230 2699 407 2745 numeris,
430 2698 692 2734 characteribus
715 2701 750 2733 et
771 2697 892 2744 lingua
913 2697 1069 2743 quadam
1090 2708 1153 2731 no-

107 2771 164 2806 va,
187 2769 296 2806 quam
316 2758 428 2804 aliqui
448 2757 673 2803 Adamicam,
694 2757 851 2792 Jacobus
874 2756 1050 2792 Bohemus
1078 2756 1154 2790 die

106 2819 252 2855 Natur
268 2836 281 2841 -
297 2816 494 2862 Sprache
523 2818 637 2850 vocat.

165 2877 234 2913 Sed
261 2876 378 2911 nescio
399 2886 446 2910 an
466 2874 655 2920 quisquam
676 2874 882 2909 mortalium
903 2884 1025 2909 veram
1046 2872 1155 2907 ratio—

109 2947 193 2972 nem
214 2936 382 2971 hactenus
404 2933 643 2980 perspexerit,
673 2943 743 2977 qua
763 2933 890 2978 cuique
910 2933 963 2967 rei
984 2943 1154 2967 numerus

109 3007 193 3030 suus
219 2993 522 3029 characteristicus
546 2991 718 3037 assignari
741 2991 862 3036 possit.
924 2992 1018 3026 Nam
1039 2990 1154 3025 erudi-

109 3053 238 3089 tissimi
258 3052 433 3098 homines,
456 3062 537 3086 eum
553 3049 688 3094 aliquid
705 3049 907 3092 hujusmodi
926 3050 1044 3085 obiter
1058 3049 1154 3095 apud

110 3113 206 3158 ipsos
233 3111 448 3157 attigissem,
479 3108 562 3145 sassi
589 3110 673 3142 sunt
701 3118 738 3141 se
759 3119 831 3142 non
852 3108 1048 3152 intellig-ere
1068 3108 1153 3153 quid

110 3171 273 3205 dicerem.
305 3170 351 3203 Et
371 3178 588 3214 quamquam
608 3166 743 3201 dudum
764 3167 894 3212 egregii
917 3167 1064 3211 quidam
1084 3166 1154 3200 viri
1188 3186 1189 3214 3

110 3228 395 3273 excogitaverint
423 3228 581 3269 linguam
609 3224 790 3270 quandam
810 3234 871 3257 seu
892 3224 1155 3260 Characteristi-
1187 3229 1189 3244 ”

1186 3248 1189 3276 l

111 3297 188 3320 cani
226 3286 484 3330 universalem,
521 3295 593 3330 qna
620 3283 784 3317 notiones
813 3284 919 3327 atque
946 3295 1001 3317 res
1029 3294 1154 3317 omnes
1187 3287 1188 3329 ξ

111 3344 253 3391 pulchre
279 3345 491 3379 ordinantur
520 3347 556 3377 et
578 3341 678 3386 cujus
699 3340 836 3376 auxilio
857 3340 1017 3376 diversae
1037 3341 1154 3376 natio-

1271 1416 1329 1444 Ed.
1355 1416 1494 1449 naspe
1521 1423 1551 1449 p.
1578 1412 1707 1450 5333}

1218 1590 1281 1613 nes
1301 1577 1413 1613 animi
1434 1589 1539 1613 sensa
1559 1577 1824 1613 communicare
1850 1581 1886 1613 ct
1906 1588 1997 1624 quae
2017 1578 2159 1625 scripsit
2178 1578 2270 1613 alter

1218 1638 1255 1672 in
1276 1648 1340 1671 sua
1361 1636 1510 1682 quisque
1530 1637 1653 1683 lingua
1674 1637 1789 1682 legere
1804 1640 1922 1684 queat,
1946 1648 2053 1672 nemo
2070 1640 2190 1672 tamen
2207 1648 2269 1683 ag-

1219 1708 1358 1743 gressus
1380 1700 1434 1730 est
1456 1696 1615 1741 linguam
1636 1696 1711 1729 sive
1733 1696 2060 1742 Characteristicen,
2084 1696 2121 1730 in
2137 1707 2208 1742 qua
2223 1696 2270 1730 si-

1219 1756 1293 1790 mul
1326 1766 1383 1789 ars
1417 1754 1623 1789 inveniendi
1651 1757 1687 1789 et
1714 1754 1894 1789 iudicandi
1925 1756 2186 1790 contineretur:
2232 1754 2269 1789 id

1219 1817 1273 1849 cst
1292 1813 1391 1848 cuius
1414 1817 1521 1848 notae
1541 1817 1575 1848 et
1591 1814 1810 1848 characteres
1825 1816 2048 1859 praestarent
2064 1813 2158 1848 idem
2174 1813 2269 1859 quod

1221 1877 1328 1908 notae
1364 1873 1609 1907 {mitilineus-ae
1645 1872 1683 1906 in
1718 1872 1875 1906 numeris
1911 1875 1947 1907 ct
1982 1872 2206 1918 algebraicae
2231 1872 2269 1907 in

1222 1931 1532 1977 magnitudinibus
1553 1932 1731 1966 abstracte
1751 1932 1899 1976 sumtis,
1931 1934 1964 1966 et
1987 1935 2108 1966 tamen
2129 1931 2271 1966 videtur

1223 1992 1331 2036 Deus,
1355 2001 1436 2025 cum
1456 1991 1519 2024 has
1541 1990 1630 2025 duas
1652 1990 1819 2025 scientias
1843 1990 1963 2037 generi
1986 1990 2142 2025 humano
2163 1990 2270 2036 largi—

1224 2054 1281 2085 tus
1302 2052 1365 2096 est,
1389 2050 1585 2085 admonere
1604 2060 1671 2083 nos
1693 2049 1858 2095 voluisse,
1881 2050 1992 2085 latere
2014 2050 2052 2084 in
2071 2052 2197 2084 nostro
2217 2049 2271 2084 in·

1223 2109 1367 2144 tellectu
1402 2119 1572 2143 arcanum
1609 2109 1714 2155 longe,
1740 2108 1877 2156 maius,
1909 2108 2010 2144 cuius
2037 2109 2102 2143 hae
2129 2110 2271 2143 tantum

1223 2167 1372 2203 umbrae
1393 2170 1520 2202 essent.

1281 2227 1431 2262 Factum
1447 2229 1501 2261 est
1521 2228 1642 2261 autem
1662 2225 1783 2260 nescio
1804 2236 1875 2271 quo
1897 2227 1983 2273 fato,
2012 2229 2051 2261 ut
2071 2237 2137 2273 ego
2157 2226 2271 2262 adhuc

1222 2297 1310 2332 puer
1333 2286 1369 2319 in
1391 2286 1453 2319 lias
1474 2285 1708 2330 cogitationes
1729 2283 1942 2331 inciderem,
1965 2296 2073 2331 quae,
2097 2288 2136 2319 ut
2156 2285 2272 2320 solent

1222 2344 1362 2390 primae
1391 2343 1658 2388 inclinationeS,
1696 2345 1821 2388 postea
1849 2354 1989 2389 semper
2014 2343 2188 2378 altissime
2216 2344 2270 2378 in-

1223 2403 1316 2437 fixae
1350 2401 1461 2436 menti
1490 2402 1644 2436 haesere.
1704 2401 1786 2435 Duo
1816 2401 1903 2435 mihi
1932 2403 2095 2447 profuere
2122 2402 2271 2437 mirifice

1224 2457 1338 2510 (quae
1374 2462 1495 2494 tamen
1531 2459 1667 2505 alioqui
1701 2459 1872 2506 ambigua
1901 2463 1937 2495 et
1967 2460 2130 2506 pluribus
2159 2461 2271 2496 noxia

1221 2530 1298 2554 esse
1323 2515 1465 2567 solent)
1495 2518 1669 2564 primum,
1698 2519 1793 2563 quod
1824 2521 1896 2553 fere
1916 2530 2029 2554 essem
2051 2509 2272 2552 οἶυτοὸἱόα-

1221 2587 1319 2616 κτοις
1331 2603 1339 2618 ,
1368 2578 1521 2612 alterum
1541 2578 1636 2623 quod
1658 2588 1864 2623 quaererem
1884 2589 1979 2613 nova
1999 2578 2037 2613 in
2058 2589 2272 2625 unaquaque

1187 2642 1188 2654 ³
1222 2636 1381 2682 scientia,
1404 2639 1442 2671 ut
1463 2636 1620 2682 primum
1637 2647 1716 2670 eam
1738 2637 1973 2683 attingebam,
1995 2648 2076 2673 cum
2099 2648 2204 2684 saepe
2224 2648 2271 2673 ne

2021 2696 2089 2731 Sed
2118 2697 2170 2731 ita
2197 2695 2270 2730 duo
2309 2696 2311 2698 ’

1222 2695 1384 2741 vulgaria
1418 2695 1563 2741 quidem
1596 2696 1684 2730 satis
1710 2695 1955 2742 percepissem.

1222 2754 1378 2789 lucratus
1408 2766 1508 2799 sum,
1536 2754 1692 2801 primum
1719 2765 1764 2789 ne
1784 2754 1945 2789 animum
1967 2754 2134 2790 inanibus
2154 2756 2190 2788 et
2210 2754 2270 2789 de-

1187 2830 1189 2859 5
1223 2812 1400 2848 discendis
1429 2813 1635 2859 implerem,
1664 2823 1756 2858 quae
1781 2813 1975 2848 autoritate
2002 2813 2120 2858 potius
2140 2812 2269 2847 docen-

1222 2872 1315 2906 tium
1335 2882 1443 2917 quam
1465 2872 1684 2918 argumentis
1705 2875 1846 2918 recepta
1866 2874 1968 2915 sunt,
1991 2871 2142 2905 alterum
2164 2873 2204 2905 ut
2224 2882 2269 2906 ne

1222 2934 1307 2966 ante
1326 2931 1543 2976 quiescerem
1563 2942 1671 2977 quam
1692 2930 1754 2965 ubi
1776 2931 1944 2975 cuiusque
1965 2929 2146 2964 dcmtrinae
2162 2929 2269 2964 fibras

1223 3001 1264 3024 ac
1291 2989 1428 3024 radices
1459 3001 1572 3024 essem
1600 2990 1751 3024 rimatus
1773 2992 1808 3023 et
1830 2989 1875 3023 ad
1896 2987 2071 3033 principia
2092 2988 2169 3034 ipsa
2189 3000 2268 3035 per-

1223 3048 1402 3084 venissem
1440 3049 1534 3083 unde
1570 3048 1657 3082 mihi
1685 3046 1830 3093 proprio
1854 3046 1971 3081 Marte
1998 3046 2139 3095 omnia,
2176 3057 2268 3093 quae

1224 3107 1435 3153 tractabam,
1459 3106 1619 3141 invenire
1640 3105 1771 3139 liceret.

1282 3166 1372 3200 Cum
1391 3177 1476 3210 ergo
1496 3176 1518 3199 a
1538 3163 1689 3199 lectione
1702 3162 1944 3208 historiarum,
1966 3174 2036 3209 qua
2051 3164 2098 3198 ab
2114 3163 2266 3198 infantia

1224 3224 1315 3258 mire
1338 3226 1472 3259 sueram
1495 3223 1708 3266 delectatus,
1737 3223 1771 3255 et
1792 3232 1813 3255 a
1834 3221 1919 3265 styli
1940 3233 2040 3268 cura,
2070 3232 2177 3267 quam
2197 3232 2265 3267 ego

1224 3282 1261 3316 in
1282 3283 1393 3317 Prosa
1420 3282 1600 3327 ligataque
1626 3290 1668 3314 ea
1698 3279 1865 3315 felicitate
1892 3291 2121 3315 exercumam
2148 3283 2187 3314 ut
2207 3290 2265 3314 ve-

1221 3343 1383 3376 rerentur
1403 3340 1649 3387 praeceptores
1670 3349 1715 3373 ne
1734 3338 1778 3373 ad
1801 3338 1863 3373 has
1879 3339 2022 3375 delicias
2037 3339 2265 3375 obhaeresce-
