2361 3643
26 2092 179 2139 35quid
208 2092 377 2126 hactenus
413 2091 453 2125 in
483 2095 612 2126 natura
649 2092 889 2137 51101011011105.

762 120 806 158 Π.
853 118 918 156 DE
939 118 1070 155 ARTE
1087 120 1463 159 COMBINATORIA.

93 219 238 254 tandem
267 216 461 264 aliquando
492 216 692 262 modorum,
718 225 803 250 nam
825 214 891 251 etsi
915 213 1064 249 minime

1134 218 1298 251 trorsum.
1345 217 1614 252 Exti-orsum
1636 220 1758 252 autem
1782 217 1819 251 fit
1834 218 1996 263 angulus,
2019 228 2100 253 eum

92 278 301 324 pervulgata
332 276 492 311 attulisse
515 286 708 322 slmramus,
740 275 848 309 hahet
878 276 997 308 tamen
1027 276 1063 307 et
1094 304 1096 325 Ι
1131 274 1249 319 portio
1287 275 1407 310 circuli
1445 275 1538 311 inter
1574 276 1686 310 lineas
1725 276 1896 321 angulum
1934 276 2100 311 facientes

92 336 234 371 novitas
264 335 422 370 taedium
453 334 490 369 in
521 345 584 381 per
612 345 650 367 se
687 333 865 368 taediosis.
920 331 978 367 Ab
1009 330 1062 366 in-

91 395 219 430 5111010
247 397 368 429 autem
392 393 521 428 abiisse
543 402 649 426 nemo
674 402 739 425 nos
767 391 870 437 dicet,
902 390 962 437 001
986 401 1061 425 om-

93 453 154 488 nia
184 463 230 487 ex
268 452 396 487 intima
425 450 665 486 variationum
705 449 866 484 doctrina
904 449 979 484 erui
1009 448 1061 483 11-

92 511 202 547 derit:
233 521 324 557 00110
353 511 431 545 sola
452 520 561 556 prope
584 519 647 554 per
667 519 774 543 onme
797 508 976 543 infinitum
999 507 1062 543 ob-

91 573 299 616 sequentem
329 569 398 604 sibi
429 567 525 602 ducit
554 566 735 612 animum,
772 569 808 601 et
836 566 1061 602 harmoniam

92 628 217 664 mundi
239 632 275 663 et
296 628 441 662 intimas
463 624 742 660 constructiones
765 636 895 671 rerum,
918 625 1060 661 seriem-

92 699 161 734 que
191 689 386 722 formarum
416 695 488 718 una
507 683 766 730 complectitur.
811 684 919 728 (r'ujus
950 684 1060 719 incre-

92 745 214 781 dibilis
239 744 376 779 utilitas
399 744 554 789 perfecta
575 743 720 777 demum
740 742 974 789 philosophia,
999 745 1060 777 aut

25 811 75 847 34
92 815 203 851 prope
217 804 383 850 perfecta,
399 804 494 836 recte
509 801 768 836 aestimabitur.
804 801 898 837 Nam
915 802 1060 836 Vllmus

91 866 146 899 est
182 862 220 897 in
255 859 510 907 complicandis
547 859 667 906 figuris
703 860 925 905 geometricis
963 871 1058 905 usus,

89 921 214 967 quain
228 931 266 954 re
281 919 435 966 plac-iem
458 916 564 965 fregit
585 919 676 954 Joh.
699 919 917 965 lx'eplerus
942 919 1004 953 lib.
1024 918 1060 953 2.

89 976 357 1015 Harmonicu'Jv.
410 977 492 1013 Istis
521 977 871 1024 complicationibus,
902 989 976 1013 11011
1006 988 1061 1012 50-

89 1039 165 1073 10111
181 1037 330 1072 1111101115
345 1037 448 1071 novis
464 1036 742 1071 theorematibus
758 1036 965 1083 locupletari
981 1047 1062 1082 geo-

90 1096 219 1132 metria
248 1099 383 1143 potest,
421 1106 516 1130 nova
546 1095 643 1130 enim
672 1095 899 1141 complicatio
929 1106 1062 1130 novam

90 1157 240 1201 figuram
269 1154 506 1200 ccnupositam
536 1153 655 1199 efficit,
687 1153 787 1197 cujus
803 1153 883 1197 jam
905 1157 1062 1189 contem-

90 1214 223 1261 plando
254 1213 505 1259 proprietates,
545 1224 638 1247 nova
674 1213 912 1258 theoremata,
950 1223 1062 1247 novas

91 1272 413 1307 demonstrationes
445 1270 679 1315 fabricamus3
716 1271 778 1305 sed
809 1274 860 1316 et,
901 1271 954 1315 (si
986 1270 1062 1316 qui-

90 1332 173 1366 dem
202 1341 327 1365 verum
357 1333 410 1364 est
439 1329 589 1375 grandia
619 1340 665 1364 ex
696 1329 834 1375 parvis,
872 1330 947 1364 sive
977 1329 1062 1364 haee

90 1392 242 1434 atomos,
273 1388 349 1422 sive
379 1388 570 1422 moleculas
600 1398 714 1432 10005,
738 1388 924 1432 componi)
956 1387 1061 1421 unica

90 1448 159 1482 ista
174 1446 233 1481 via
241 1449 293 1481 est
310 1446 348 1480 in
362 1457 491 1480 arcana
506 1448 656 1480 naturae
671 1446 892 1491 lwnetrandi.
908 1445 1060 1486 Quando

90 1518 134 1541 eo
164 1505 313 1551 quisque
344 1503 532 1550 perfectius
561 1515 638 1538 rem
660 1515 897 1548 congnoscere
919 1504 1059 1549 dicitur,

89 1575 161 1611 quo
185 1563 299 1609 magis
320 1562 373 1598 rei
395 1565 513 1609 paltes
535 1565 571 1597 et
592 1563 750 1609 partium
773 1565 902 1609 partes,
924 1573 1063 1597 earum-

89 1634 159 1669 que
189 1624 316 1669 figuras
346 1621 553 1668 positusque
590 1621 756 1668 percepit.
808 1621 905 1656 Haec
936 1622 1062 1667 figura-

89 1693 171 1716 rum
199 1681 292 1716 ratio
323 1680 479 1727 primum
515 1680 691 1715 abstracte
722 1679 760 1714 in
791 1680 986 1726 geometria
1022 1691 1062 1714 ae

90 1738 336 1776 stereometria
365 1739 653 1785 pervestiganda:
687 1739 847 1774 indeubi
879 1739 924 1774 ad
954 1738 1063 1774 histo-

90 1799 183 1834 riam
212 1798 412 1833 naturalem
449 1797 762 1843 existentianupw,
800 1809 861 1832 seu
899 1798 936 1832 id
966 1797 1062 1843 00011

90 1869 214 1893 revera
244 1856 424 1892 invenitur
453 1856 491 1891 in
521 1857 741 1903 corporibus,
773 1856 968 1901 accesseris,
1002 1867 1064 1902 pa-

91 1916 183 1952 tebit
211 1915 382 1960 Physicae
421 1918 523 1961 porta
560 1915 703 1961 ingens3
740 1918 775 1950 ct
805 1916 1063 1950 elementorum

92 1974 210 2021 facies,
237 1977 273 2009 et
295 1974 510 2020 qualitatum
534 1974 634 2020 origo
657 1978 693 2009 et
718 1974 887 2019 mixtura,
915 1975 950 2008 01
972 1973 1063 2007 mix-

91 2037 192 2068 turae
222 2033 335 2079 origo,
367 2036 403 2068 et
433 2033 591 2067 mixtura
621 2033 870 2078 mixturarum,
902 2036 938 2067 et
969 2032 1064 2077 quic-

942 2091 1064 2125 Caete-

91 2161 172 2186 rum
202 2151 347 2185 brevem
377 2153 519 2195 gustum
543 2149 707 2185 dabimus
731 2161 802 2195 quo
826 2149 940 2195 magis
960 2149 1065 2184 intel-

91 2211 265 2256 ligamur:
298 2208 428 2254 Figura
459 2209 576 2244 omnis
606 2209 761 2255 simplex
791 2212 853 2243 aut
882 2207 1064 2243 rectilinea

92 2271 156 2303 aut
184 2267 380 2303 curvilinea
409 2270 472 2303 est.
517 2267 736 2302 Rectilineae
765 2278 889 2302 omnes
911 2277 1065 2311 symme-

94 2330 181 2372 trae,
196 2337 386 2362 commune
401 2326 497 2361 enim
513 2326 675 2361 omnium
689 2325 922 2372 principium:
939 2325 1066 2360 Trian-

94 2386 206 2429 gulus.
258 2385 314 2419 Ex
344 2384 443 2429 eujus
479 2385 589 2420 variis
619 2384 1064 2431 complicationibus

94 2455 176 2478 eon
187 2454 264 2490 gru
275 2444 310 2478 is
333 2455 456 2479 omnes
472 2444 663 2489 Figurae
679 2444 884 2478 rectilineae
900 2454 1064 2477 0001111-

95 2505 160 2537 tes
199 2502 262 2545 (id
301 2505 354 2537 est
390 2514 465 2537 non
500 2499 662 2551 hiantes)
701 2503 874 2537 oriuntur.
931 2502 1065 2535 Verum

95 2559 371 2595 curvilinearum
406 2571 521 2606 neque,
559 2561 709 2596 circulus
746 2561 785 2595 in
823 2560 963 2595 0101001
1000 2562 1064 2593 010.

94 2628 211 2669 ireque
240 2622 363 2652 eontra
393 2618 512 2665 reduci
543 2622 676 2665 potest,
709 2630 823 2665 neque
853 2619 899 2653 ad
929 2618 1064 2663 aliquid

97 2686 296 2711 commune.
347 2675 482 2710 Neutra
518 2688 603 2712 vero
633 2677 812 2722 tfiangulo
843 2679 878 2710 et
908 2677 1066 2721 triangu-

97 2735 180 2770 latis
209 2737 434 2779 symmetros.
484 2733 597 2769 Porro
635 2735 785 2780 quilibet
815 2735 964 2769 circulus
994 2734 1066 2768 cui-

97 2804 236 2838 cunque
271 2792 403 2827 circulo
443 2794 495 2826 051
531 2796 762 2838 symmetros,
800 2804 886 2827 nam
915 2792 1067 2838 quilibet

98 2851 246 2887 cuilibet
274 2854 337 2885 aut
371 2850 614 2885 eoncentricus
651 2854 703 2885 est
741 2854 801 2885 aut
832 2862 907 2886 0550
936 2850 1067 2885 intelli-

99 2910 204 2957 gitur.
251 2909 373 2945 Ovalis
396 2920 480 2944 vero
504 2909 560 2943 101
583 2908 739 2954 elliptica
754 2920 796 2943 ea
817 2912 958 2943 tantum
973 2919 1068 2952 sym-

99 2971 233 3004 metros
262 2979 354 3014 quae
383 2967 605 3003 concentrica
635 2978 710 3002 esse
740 2966 961 3012 intelligitur.
1014 2966 1068 3001 Ita

100 3038 216 3073 neque
246 3027 363 3062 omnis
401 3026 513 3061 0111115
551 3025 647 3061 01011
677 3028 890 3069 symmetros
921 3028 973 3059 est
1003 3027 1068 3058 etc.

102 3086 199 3121 Haec
236 3085 280 3121 de
316 3086 549 3131 simplicibus,
584 3084 664 3126 jam
694 3084 739 3118 ad
769 3082 1068 3128 complicationes.

0 3180 1 3183 ,
38 3144 337 3190 36Complicatio
367 3147 421 3179 est
449 3146 511 3179 aut
541 3153 697 3188 congrua
733 3144 793 3177 aut
824 3141 934 3175 hians.
981 3140 1071 3175 Con-

103 3213 191 3249 grua
220 3205 297 3237 tum
326 3214 407 3238 cum
436 3203 568 3248 figurae
603 3201 822 3247 compositae
859 3199 974 3233 lineae
1010 3209 1071 3233 ex-

105 3264 239 3296 tremae
293 3272 355 3296 seu
405 3260 739 3295 0110001101011111111·5
790 3268 972 3302 nunquam
1022 3258 1071 3291 sa-

105 3319 201 3353 eiunt
245 3320 415 3364 angulum
458 3323 679 3361 extrorsum,
735 3318 794 3351 5011
837 3327 974 3361 semper
1020 3315 1071 3349 in-

1093 331 1096 382 1

1131 332 1307 378 descripta
1328 345 1374 368 ex
1395 337 1527 380 puncto
1550 345 1740 369 concursus
1765 338 1937 380 tanquam
1961 339 2098 381 centro,

1129 390 1225 425 cadit
1255 394 1357 426 extra
1387 393 1535 434 figuram
1573 393 1618 427 ad
1649 392 1749 437 cujus
1777 393 2098 429 circums«=rcntiam

1130 449 1245 483 lineae
1283 451 1452 495 angulum
1490 451 1657 486 iacientes
1688 451 1885 497 pertinent:
1925 452 2096 486 intror-

1128 518 1243 553 sum,
1275 519 1355 543 cum
1386 509 1491 543 intra.
1523 509 1665 544 llians
1696 513 1749 544 051
1779 510 2094 557 complicatio,

1127 577 1209 601 cum
1238 566 1366 613 aliquis
1387 568 1536 613 angulus
1558 569 1595 602 fit
1616 571 1826 603 extrorsum.
1866 569 2014 604 Stella
2034 580 2095 603 au-

1128 629 1201 661 tem
1232 628 1285 659 est
1320 625 1547 671 complicatio
1583 626 1702 672 hians,
1741 626 1841 670 cujus
1872 638 1995 663 omnes
2025 638 2095 662 ra-

1128 683 1192 719 dii
1223 683 1277 727 (id
1308 687 1359 719 est
1389 683 1504 718 lineae
1533 684 1655 718 stellae
1677 685 2012 720 011000110100110105
2033 697 2096 720 an-

1128 743 1250 788 gulum
1272 745 1474 777 extrorsum
1498 742 1697 789 facientes),
1729 746 1811 778 sunt
1833 745 2014 789 aequales3
2044 743 2096 778 ita

1128 804 1169 836 ut
1204 801 1234 835 si
1273 801 1405 836 circulo
1443 800 1673 847 inscribatur,
1715 801 1847 847 ubique
1877 813 1958 836 euin
1987 802 2096 836 radiis

1128 862 1262 905 tangat.
1307 860 1493 895 Caeterum
1524 859 1662 894 hiantes
1690 860 1881 903 figurarum
1910 860 2097 906 complica-

1129 919 1243 954 tiones
1258 921 1470 953 texturas
1501 930 1601 963 voco,
1616 929 1788 964 congruas
1806 918 1948 964 proprie
1979 919 2072 964 figu
2084 936 2097 942 -

1128 989 1146 1013 r
1157 989 1214 1012 as.
1267 978 1357 1012 Sunt
1402 980 1523 1012 tamen
1567 980 1603 1012 et
1646 977 1822 1022 0110011010
1861 977 2097 1012 Texturae

1131 1036 1384 1081 figuratae,
1406 1046 1494 1081 quas
1509 1039 1543 1071 et
1565 1035 1747 1081 figuras
1768 1035 1950 1071 hiantes
1971 1035 2016 1070 ad
2037 1046 2099 1081 op-

1129 1095 1345 1142 positionem
1365 1094 1631 1129 coeuntium
1651 1106 1750 1129 1000.
1797 1094 1880 1129 Jam
1899 1097 1983 1128 sunt
2003 1093 2100 1128 theo-

1129 1156 1284 1189 remata:
1326 1153 1359 1188 1.
1396 1152 1433 1187 Si
1461 1152 1552 1187 duae
1588 1153 1720 1199 figurae
1753 1155 1992 1197 asymmetrae
2017 1154 2102 1187 sunt

1130 1212 1318 1258 contiguae
1348 1211 1669 1258 (complicatio
1699 1211 1796 1246 enim
1815 1212 1871 1246 101
1893 1210 2101 1245 immediata

1130 1274 1183 1306 est
1210 1270 1515 1316 contiguitaS,
1544 1270 1601 1304 101
1630 1270 1804 1315 mediata,
1832 1269 1926 1304 inter
1954 1269 2100 1305 tertium

1129 1333 1163 1364 01
1196 1329 1368 1375 primum,
1396 1328 1534 1374 quoties
1561 1328 1707 1363 tertium
1734 1328 1941 1373 contiguum
1967 1331 2021 1362 est
2048 1338 2101 1362 se-

1129 1388 1257 1433 cundo,
1279 1391 1314 1421 et
1335 1387 1529 1421 secundum
1555 1387 1611 1421 101
1637 1386 1790 1421 mediate.
1817 1386 1874 1421 101
1894 1385 2100 1421 innnediate

1129 1445 1270 1492 primo)
1293 1445 1520 1491 complicatio
1540 1446 1577 1478 tit
1605 1444 1716 1479 hians.
1760 1445 1796 1479 2.
1817 1444 2102 1480 Curi-ilinearum

1131 1504 1223 1539 inter
1242 1516 1280 1538 se
1300 1515 1424 1539 omnes
1444 1502 1657 1545 contiguitas
1677 1506 1730 1537 est
1757 1503 1870 1549 hians,
1900 1502 1968 1537 nisi
1997 1502 2101 1537 alteri

1129 1563 1368 1597 circumdetur
1394 1562 1495 1596 Zona
1521 1561 1667 1596 alterius
1695 1561 1881 1605 symmetri
1909 1562 1993 1596 dato
2019 1572 2102 1596 con-

1130 1621 1285 1656 centrici.
1340 1622 1374 1655 3.
1402 1620 1626 1655 Cui-vilineae
1659 1631 1741 1654 cum
1776 1619 1958 1654 roetilinea
1985 1618 2103 1654 omnis

1130 1680 1346 1725 contiguitas
1366 1682 1419 1714 est
1446 1679 1559 1724 hians,
1588 1677 1658 1712 11151
1689 1678 1726 1713 111
1746 1678 1864 1713 medio
1893 1679 2012 1712 Zonae
2040 1689 2102 1724 po-

1131 1742 1236 1774 natur
1256 1737 1449 1773 rectilinca.
1496 1738 1615 1772 Zona
1625 1748 1661 1771 m
1682 1740 1802 1772 autem
1819 1748 1907 1772 voco
1921 1736 2103 1772 residuum

1131 1798 1169 1832 in
1190 1799 1302 1843 figura
1321 1796 1516 1832 curvilinea
1536 1795 1676 1841 majori,
1693 1798 1860 1842 exempta
1879 1795 2103 1831 concentrica

1131 1856 1273 1891 minori.
1307 1857 1349 1891 In
1369 1855 1603 1898 contiguitate
1618 1854 1881 1889 rectilinearum
1901 1857 2021 1888 autem
2041 1855 2104 1887 aut

1131 1916 1282 1961 angulus
1301 1914 1443 1960 angulo,
1465 1916 1528 1948 aut
1548 1913 1698 1959 angulus
1718 1913 1843 1957 lineae,
1865 1916 1927 1947 aut
1948 1912 2042 1947 linea
2062 1911 2104 1946 li-

1132 1986 1220 2009 neae
1240 1973 1448 2019 imponitur.
1500 1972 1535 2006 4.
1565 1971 1601 2006 si
1621 1971 1772 2017 angulus
1799 1971 1930 2017 angulo
1951 1969 2104 2016 imponi—

1132 2036 1189 2067 tur
1209 2034 1269 2066 aut
1292 2032 1417 2076 lineae,
1433 2030 1645 2075 contiguitas
1666 2032 1717 2063 051
1739 2030 1777 2063 in
1791 2032 1933 2075 puncto.
1964 2029 1999 2063 5.
2019 2030 2103 2063 Om-

1132 2090 1187 2125 nis
1208 2090 1484 2125 curvilinearum
1505 2089 1598 2123 inter
1617 2100 1654 2122 se
1682 2088 1894 2133 contiguitas
1922 2086 2023 2121 hians
2049 2090 2103 2120 est

1133 2150 1170 2184 in
1192 2152 1333 2194 puncto.
1383 2148 1418 2182 (3.
1450 2147 1574 2182 Omnis
1601 2157 1723 2180 earum
1750 2157 1831 2181 cum
1858 2145 1962 2182 rectis
1989 2144 2102 2179 conti-

1133 2208 1248 2254 guitas
1269 2207 1378 2242 etiam
1399 2217 1471 2241 non
1492 2205 1604 2250 hians,
1627 2205 1761 2239 itidem.
1801 2205 1834 2239 7.
1856 2203 1967 2239 Linea
1986 2203 2102 2238 lineae

1133 2277 1207 2301 non
1235 2266 1305 2300 nisi
1332 2264 1491 2308 eiusdem
1520 2263 1657 2309 generis
1684 2263 1822 2309 imponi
1850 2265 1977 2309 potest,
2005 2273 2037 2296 1,
2069 2274 2101 2306 g.

1133 2328 1229 2360 recta
1254 2327 1388 2369 rectae,
1417 2322 1612 2358 0001111000
1641 2320 1800 2365 eiusdem
1827 2320 1964 2367 generis
1989 2323 2025 2355 et
2051 2330 2102 2353 50-

1133 2383 1270 2418 ctionis.
1324 2382 1359 2416 S.
1387 2382 1422 2416 Si
1451 2382 1546 2417 linea
1573 2380 1689 2415 lineae
1717 2379 1857 2426 aequali
1884 2379 2100 2425 imponatur,

1132 2442 1348 2488 contiguitas
1389 2444 1442 2475 051
1481 2450 1648 2485 congrua,
1689 2439 1719 2472 51
1759 2437 1948 2484 inaequali,
1989 2437 2101 2472 hians.

1134 2500 1407 2536 (,)1)501’1011110111
1427 2503 1547 2534 autem
1567 2500 1619 2533 est
1640 2498 1756 2543 plures
1777 2498 1904 2542 figuras
1924 2495 1969 2530 ad
1991 2505 2101 2529 unum
2116 2505 2167 2539 35*

1134 2562 1303 2606 punctum
1329 2558 1401 2592 suis
1429 2556 1568 2603 angulis
1596 2555 1762 2601 componi
1790 2566 1902 2601 posse,
1932 2565 2022 2599 quae
2049 2556 2102 2598 051

1134 2621 1277 2653 textura
1298 2616 1460 2651 omnium
1481 2615 1638 2649 maxime
1652 2613 1765 2648 hians.
1805 2613 1871 2648 Sed
1892 2615 1927 2647 et
1941 2612 2005 2647 hoc
2026 2611 2102 2646 sieri

1134 2679 1261 2723 potest,
1284 2679 1323 2709 ut
1343 2675 1434 2709 duae
1454 2674 1510 2708 vel
1527 2674 1644 2719 plures
1658 2672 1846 2717 contiguae
1864 2671 1936 2705 sint
1951 2671 2099 2714 hiantes,

1135 2734 1278 2770 accedat
1297 2743 1382 2767 vero
1403 2731 1509 2766 tertia
1530 2731 1585 2765 10]
1612 2731 1742 2777 plures,
1771 2733 1806 2764 01
1833 2729 2004 2764 efficiatur
2030 2739 2100 2762 una

1135 2794 1264 2836 figura,
1301 2802 1362 2825 seu
1391 2789 1617 2835 complicatio
1651 2799 1816 2835 congrua.
1869 2787 1973 2822 Unde
2007 2796 2101 2820 0010

1135 2848 1391 2894 contemplatio
1406 2848 1530 2894 oritur,
1547 2858 1637 2893 quae
1658 2848 1768 2893 figura
1788 2846 1844 2880 101
1864 2848 2006 2880 textura
2025 2843 2100 2888 qui-

1135 2909 1202 2942 hus
1237 2907 1359 2942 addita
1395 2906 1502 2941 faeiat
1529 2917 1575 2941 ex
1608 2908 1751 2940 textura
1785 2906 1942 2947 figuram.
1996 2900 2099 2942 Quod

1136 2977 1239 3001 nosse
1260 2965 1381 3012 magni
1400 2964 1574 2999 momenti
1602 2967 1654 2999 est
1680 2964 1727 2998 ad
1752 2973 1871 2997 rerum
1896 2961 2011 2996 hiatus
2037 2968 2098 2993 ex-

1137 3024 1297 3071 plendos
1347 3024 1472 3059 Restat
1498 3026 1537 3058 ut
1565 3021 1868 3068 computationem
1896 3029 1942 3052 ex
1968 3016 2098 3050 nostris

1136 3082 1333 3129 praeceptis
1358 3082 1606 3126 instituamus,
1637 3080 1683 3114 ad
1711 3089 1817 3125 quam
1845 3074 2034 3120 requiritur
2059 3077 2100 3108 ut

1138 3141 1393 3176 determinetur
1420 3150 1586 3175 numerus
1616 3139 1805 3181 figurarum
1839 3135 1883 3169 ad
1916 3132 2100 3167 conficien-

1138 3200 1222 3235 dam
1249 3202 1449 3234 texturam:
1481 3201 1516 3232 et
1545 3196 1822 3232 determinentur
1848 3192 1978 3236 figurae
2006 3201 2100 3225 coui-

1139 3258 1341 3303 plicandae:
1379 3260 1568 3300 utrumque
1595 3254 1690 3289 enim
1717 3252 1804 3285 01105
1834 3248 2011 3282 infinitum
2038 3252 2100 3282 051.

1139 3317 1205 3351 Sed
1226 3318 1291 3351 hoc
1322 3316 1423 3350 facile
1453 3314 1595 3348 cuilibet
1620 3312 1727 3354 juxta
1754 3311 1976 3343 emnneratos
2003 3319 2102 3341 00505

1636 3368 1655 3400 :3
1679 3365 1696 3381 ⁹

2120 121 2174 162 19

2112 978 2133 1012 0³
