2361 3643
799 109 974 148 LXXIII.

137 208 201 243 26.
219 204 455 240 Voluntas
470 213 762 249 consequens
779 203 894 239 oritur
910 214 957 239 ex
973 203 1136 240 omnium

81 266 305 302 voluntatum
351 263 639 298 antecedentium
687 272 862 297 concursu
881 288 890 307 ,
953 264 993 297 ut
1040 262 1134 297 scili-

79 325 155 369 cet,
190 321 334 366 quando
363 321 527 356 omnium
548 321 694 355 effectus
713 320 819 355 simul
842 322 939 355 stare
959 331 1031 356 non
1051 331 1134 366 pos-

79 383 173 425 sunt,
196 379 402 414 obtineatur
418 379 512 425 inde,
535 381 689 424 quantus
707 378 887 413 maximus
907 379 1052 414 effectus
1070 389 1134 425 per

76 438 293 484 sapientiam
315 441 350 473 et
371 437 573 484 potentiam
593 437 750 472 obtineri
772 439 898 483 potest.
946 437 1045 475 Haec
1065 446 1133 472 vo-

76 496 196 531 luntas
217 496 328 531 etiam
348 496 600 530 Decretum
621 494 796 540 adpellari
818 495 921 530 solet.

138 553 205 588 27.
235 553 341 589 Unde
371 556 489 600 patet,
518 554 722 588 voluntates
753 553 863 588 etiam
883 552 1132 588 antecedentes

76 622 152 647 non
182 612 330 647 omnino
361 611 482 646 irritas
503 622 599 658 esse,
634 611 696 645 sed
726 611 919 646 efficaciam
949 621 1051 645 suam
1071 609 1132 645 ha=
1161 652 1162 655 Ἴ

1161 678 1162 682 ’
1189 669 1367 703 malorum
1388 678 1459 702 non
1480 667 1587 713 plane
1608 666 1813 713 perducitur
1833 666 1878 701 ad
1899 668 2084 714 effectum,
2107 670 2143 703 et
2157 678 2241 704 con-

78 670 180 715 bere3
213 671 274 716 qui
295 670 362 705 etsi
384 670 531 704 effectus
552 679 678 704 earum
699 669 905 715 obtinetur,
936 679 1010 704 non
1039 678 1131 703 sem-

79 739 145 774 per
165 729 213 763 sit
235 729 385 774 plenus,
418 727 480 761 sed
501 738 566 773 per
585 737 795 762 concursum
823 726 976 761 aliarum
1007 727 1131 762 volun-

75 789 191 821 tatum
220 785 507 821 antecedentium
534 785 731 821 restrictus.
793 785 843 820 At
873 785 1038 820 voluntas
1071 784 1132 819 de-

74 844 242 891 cretoria,
265 854 311 878 ex
332 843 502 878 omnibus
518 843 753 878 inclinatoriis
774 843 965 890 resultans,
988 852 1129 887 semper

74 903 222 949 plenum
252 902 419 937 effectum
441 902 610 947 sortitur,
634 902 774 947 quoties
793 902 956 947 potentia
976 912 1047 936 non
1069 900 1129 935 de-

74 963 131 994 est
152 960 190 995 in
211 960 371 994 volente:
402 959 705 1005 quemadmodum
733 962 828 994 certe
849 960 886 994 in
907 960 984 994 Deo
1006 960 1128 995 deesse

72 1018 209 1063 nequit.

71 1075 182 1111 habet
221 1077 403 1111 Axiomat

71 1134 205 1180 quippe
233 1145 314 1169 cum
343 1145 386 1169 eo
416 1134 494 1180 ipso
516 1134 703 1172 scientiam
724 1135 936 1180 requisitam
956 1134 1000 1169 ad
1023 1145 1129 1178 agen-

72 1192 159 1228 dum
181 1192 249 1226 sub
272 1192 433 1238 potentIa
452 1192 802 1240 comprehendendo,
822 1192 898 1236 jam
922 1193 1011 1227 nihil
1033 1192 1128 1228 intus
1157 1189 1159 1233 J

808 1252 934 1296 'Neque
955 1263 1041 1286 vero
1062 1251 1129 1286 ali-
1157 1247 1159 1263 ³

72 1309 159 1354 quid
194 1308 357 1343 felicitati
393 1308 675 1354 perfectionique
706 1309 857 1344 volentis
878 1310 944 1343 Dei
973 1309 1124 1357 decedit,
1155 1326 1158 1353 3

1153 1370 1156 1411 g
1185 1363 1379 1415 monente)
1413 1366 1574 1402 facienda
1610 1368 1692 1400 sunt
1721 1364 1834 1409 mala,
1872 1366 1911 1398 ut
1932 1362 2100 1398 eveniant
2120 1363 2240 1407 bona3

72 1424 177 1458 titur:
200 1424 284 1468 quia
304 1424 400 1458 enim
425 1424 520 1459 bona
542 1435 611 1459 non
634 1425 729 1469 vult,
754 1425 818 1459 nisi
840 1437 908 1470 pro
929 1426 1041 1469 gradu
1063 1426 1127 1461 bo·
1185 1425 1248 1459 sed
1282 1425 1464 1460 interdum
1499 1428 1620 1459 tamen
1655 1423 1834 1458 rationem
1865 1422 1973 1456 habet
2007 1418 2239 1465 conditionis,

70 1481 219 1527 nitatis,
243 1491 334 1526 quae
358 1481 396 1515 in
417 1484 633 1527 unoquoque
663 1485 738 1525 θεὶς
770 1486 846 1517 tum
869 1483 1029 1517 maxime
1050 1483 1128 1527 ejus
1155 1479 1157 1508 ἶ

69 1539 250 1575 voluntati
284 1538 434 1587 satisfit,
481 1551 564 1575 cum
604 1540 784 1586 optimum
821 1541 996 1576 resultans
1033 1539 1157 1581 obti-i'

72 1253 247 1295 extraque
275 1250 410 1285 actioni
439 1251 560 1285 deesse
582 1254 747 1296 ponatur.

71 1366 158 1401 duni
180 1377 250 1401 non
273 1367 391 1401 omnis
411 1366 488 1409 ejus
511 1367 678 1401 voluntas
700 1368 866 1402 effectum
889 1368 1033 1413 plenum
1051 1379 1127 1402 sor-

68 1600 185 1634 netur.

129 1655 196 1690 28.
226 1655 472 1690 Posterior
493 1654 771 1691 Voluntatis
800 1655 981 1691 divisio
1012 1657 1125 1691 estin
1154 1684 1155 1701 3

69 1713 397 1758 productivam
425 1714 518 1749 circa
540 1713 707 1760 proprios
727 1717 847 1760 actus,
876 1717 911 1749 et
933 1726 1013 1761 per
1025 1715 1126 1750 mis-

71 1771 217 1806 sivam
252 1771 345 1806 circa
376 1772 522 1807 alienos.
583 1772 769 1813 Quaedam
805 1772 902 1807 enim
945 1773 1126 1808 interdum
1154 1760 1155 1771 ¹

69 1829 279 1875 permittere
299 1829 399 1875 licet,
424 1830 478 1873 (id
501 1832 565 1875 est,
588 1840 662 1864 non
683 1830 873 1876 impedire)
896 1842 987 1876 quae
1008 1833 1125 1867 faeere

70 1898 146 1923 non
167 1887 264 1933 licet,
288 1887 384 1921 velut
405 1890 568 1936 peccata,
591 1888 634 1922 de
656 1898 727 1933 quo
750 1898 848 1923 mox.
908 1890 955 1924 Et
974 1890 1124 1936 perinis-

69 1946 169 1980 sivae
204 1945 400 1979 voluntatis
436 1945 617 1988 objectum
653 1945 841 1991 proprium
877 1957 948 1982 non
984 1947 1021 1983 id
1057 1950 1123 1995 est,

69 2003 165 2050 quod
189 2004 419 2049 permittitur,
441 2003 500 2038 sed
522 2003 714 2048 permissio
736 2003 825 2048 ipsa.
1152 2013 1155 2049 g

131 2062 196 2095 29.
218 2061 400 2096 Hactenus
422 2062 465 2096 de
487 2061 703 2107 Volunt-ate,
734 2071 829 2095 nunc
850 2060 894 2096 de
916 2061 1123 2097 Ratione

68 2119 293 2165 Volendi,
321 2131 382 2154 seu
404 2120 528 2154 Bono
559 2122 602 2154 et
630 2119 765 2154 Malo.
828 2119 1030 2169 Utrumque
1060 2120 1123 2155 tri-

68 2178 154 2224 plex
175 2180 247 2222 est,
270 2177 582 2224 Metaphysieum,
607 2177 798 2220 Physicum
820 2180 855 2211 et
877 2177 1026 2213 Morale.

261 1018 399 1063 Nempe
420 1018 457 1052 in
480 1018 557 1052 sola
580 1018 765 1053 voluntate
787 1018 988 1053 decretoria
1010 1018 1128 1053 locum
1157 1021 1160 1055 1

452 1076 516 1121 qui
553 1078 672 1121 potest
710 1079 747 1111 et
787 1076 884 1122 vult,
926 1075 987 1111 ille
1022 1076 1127 1122 facit,
1158 1107 1159 1111 ,

1158 1134 1367 1169 ¹interdum
1403 1133 1490 1168 fiunt
1519 1132 1617 1168 bona
1651 1130 1870 1178 subsidiata,
1912 1134 2085 1176 tanquam
2120 1130 2241 1165 media

1035 107 1314 148 CAUSA
1376 107 1531 146 DEI.

128 2237 193 2270 30.
212 2235 336 2270 Meta
347 2235 401 2281 ph
412 2236 586 2279 ysieuln
608 2235 810 2280 generatim
824 2235 987 2270 consistit
1010 2236 1046 2270 in
1068 2247 1122 2270 re·
1152 2240 1153 2284 J

67 2304 149 2328 rum
169 2293 280 2328 ctiam
301 2305 374 2328 non
402 2293 677 2338 intelligentium
700 2294 916 2339 perfectione
936 2298 970 2328 et
993 2294 1123 2340 iniper-
1151 2290 1154 2334 1

67 2352 234 2387 sectione.
266 2352 439 2387 Lilioruin
458 2353 573 2398 campi
587 2355 622 2386 et
638 2362 823 2398 passerum
839 2362 962 2386 curam
979 2362 999 2385 a
1016 2353 1123 2387 Patre

67 2468 155 2502 tium
177 2471 353 2502 rationein
376 2469 472 2503 Deus
493 2469 601 2503 habet
621 2467 716 2513 apud
738 2469 910 2502 Jonam.

130 2524 196 2559 31.
219 2526 459 2568 Physicum
487 2526 661 2571 accipitur
682 2525 869 2571 speciatim
892 2525 936 2560 de
958 2526 1124 2561 substan-

68 2583 202 2618 tiarum
245 2581 523 2625 intelligentium
562 2583 763 2618 commodis
798 2585 834 2618 et
869 2584 1123 2632 incommodis,

68 2652 139 2687 quo
162 2640 317 2686 pertinet
339 2641 508 2674 malum
529 2651 715 2686 poenae.

124 2698 190 2733 32.
220 2697 397 2733 Morale
427 2697 470 2731 de
499 2708 622 2732 earum
653 2698 856 2733 actionibus
890 2698 1059 2734 virtuosis
1087 2703 1123 2734 et

67 2756 227 2802 vitiosis,
255 2766 328 2801 qno
355 2756 509 2801 pertinet
530 2755 693 2790 malum
715 2757 896 2802 culpae:
928 2759 964 2791 et
985 2757 1122 2792 malum

66 2814 254 2862 physicum
275 2814 340 2848 hoc
362 2824 466 2848 sensu
503 2823 525 2848 a
554 2813 685 2848 morali
705 2813 792 2848 oriri
815 2814 923 2858 solet,
959 2815 1027 2849 etsi
1049 2826 1120 2850 non

67 2883 209 2918 semper
239 2872 276 2907 in
297 2871 425 2907 iisdem
446 2870 637 2915 subjectis3
667 2871 729 2905 sed
749 2872 834 2906 haec
855 2874 993 2915 tamen,
1028 2883 1122 2918 quae

68 2930 181 2966 videri
211 2930 327 2976 possit
356 2929 557 2975 aberratio,
594 2939 675 2963 cum
697 2930 812 2964 fructu
834 2929 1043 2976 corrigitur,
1081 2933 1121 2965 ut

68 2988 276 3024 innocentes
327 2989 468 3023 nollent
507 2986 604 3034 passi
653 2997 727 3023 non
767 2998 856 3022 esse.
897 2986 980 3022 add.
1028 2987 1122 3023 infra

66 3046 99 3089 §.
132 3046 197 3081 55.

126 3103 193 3138 33.
220 3105 317 3140 Deus
342 3105 421 3140 vult
448 3104 545 3139 bona
566 3114 630 3150 per
651 3114 689 3138 se
708 3102 959 3138 antecedenter
979 3102 1025 3138 ad
1053 3103 1119 3138 mi-

1152 2479 1331 2514 *pravum
1367 2466 1591 2502 exerciturus
1625 2467 1727 2499 esset.

2161 111 2245 150 655

1192 201 1357 238 omnium
1392 201 1603 239 felicitatem
1638 204 1674 238 et
1715 202 1904 248 virtutem,
1945 205 1982 238 et
2022 206 2247 251 unumquod-

1192 271 1261 307 que
1290 261 1470 297 bonorum
1496 272 1563 308 pro
1596 261 1710 306 gradu
1745 270 1831 296 suae
1866 260 2060 308 bonitatis,
2098 265 2137 298 ut
2163 262 2245 308 jam

1190 319 1326 355 dictum
1347 322 1411 354 est.

1252 379 1316 413 34.
1352 377 1472 423 Mala,
1509 375 1576 411 etsi
1612 386 1685 411 non
1715 376 1846 412 cadant
1867 376 1904 411 in
1928 376 2154 413 voluntatem
2174 377 2245 415 Dei

1189 435 1476 480 antecedentem,
1499 434 1568 469 nisi
1589 438 1761 481 quatenus
1781 446 1824 470 ea
1844 435 1889 470 ad
1921 436 2160 471 remotionem
2181 447 2242 472 eo-

1189 505 1270 529 rum
1292 493 1426 539 tendit,
1455 493 1586 528 cadunt
1607 495 1727 527 tamen
1750 493 1948 539 interdum,
1980 494 2042 528 sed
2068 494 2242 530 indirecte

1188 552 1227 587 in
1247 554 1543 597 consequentem:
1565 551 1648 595 quia
1670 550 1849 586 interdum
1872 550 2012 594 majora
2033 552 2130 587 bona
2151 552 2241 598 ipsis

1188 610 1336 646 remotis
1372 608 1529 644 obtineri
1564 619 1637 643 non
1664 611 1836 654 possunt,
1872 619 1944 654 quo
1973 620 2058 645 casu
2086 610 2241 646 remotio

1188 726 1316 762 sistens
1344 726 1441 761 intra
1478 725 1701 760 voluntatem
1729 725 2016 772 antecedentem,
2053 736 2126 760 non
2155 736 2241 772 pro·

1187 784 1325 831 rumpit
1363 784 1402 819 in
1440 785 1728 829 consequentem.
1796 782 1900 817 Unde
1945 782 2139 818 Thomas
2187 783 2240 819 de

1187 841 1375 889 Aquino
1415 844 1498 888 post
1544 840 1857 886 Augustinum
1895 851 1971 876 non
2010 841 2240 877 incommode

1158 911 1160 916 ·
1187 901 1302 947 dixit,
1339 901 1454 935 Deum
1483 899 1690 946 permittere
1718 899 1895 944 quaedam
1923 899 2020 934 mala
2057 900 2152 947 fieri,
2193 911 2240 936 ne

1187 959 1301 994 multa
1322 959 1418 993 bona
1438 958 1692 1003 impediantur.

1248 1018 1313 1052 35.
1341 1018 1439 1052 Mala
1465 1015 1719 1061 Metapliysica
1744 1015 1780 1048 et
1799 1013 1972 1060 Physica,
2011 1012 2151 1060 (veluti
2173 1014 2242 1050 im-

1186 1075 1424 1122 perfectiones
1445 1074 1482 1109 in
1504 1074 1633 1120 rebus,
1657 1076 1695 1108 et
1722 1072 1820 1107 mala
1839 1082 1978 1118 poenae
2000 1073 2036 1106 in
2059 1068 2240 1120 personis)

1186 1192 1231 1228 ad
1253 1192 1394 1236 majora
1415 1192 1522 1227 bona.

1248 1252 1313 1286 36.
1336 1251 1385 1285 At
1407 1250 1544 1285 malum
1565 1248 1724 1294 morale,
1746 1257 1809 1282 scu
1831 1246 1968 1281 malum
1988 1245 2127 1293 culpae,
2150 1255 2240 1280 nun-

1185 1318 1294 1354 quam
1314 1309 1493 1344 rationem
1514 1307 1623 1343 medii
1645 1299 1762 1353 habet,
1786 1316 1902 1351 neque
1922 1304 2019 1340 enini
2043 1301 2240 1352 (Apostolo

1185 1493 1293 1528 quam
1324 1486 1474 1528 vocant,
1505 1482 1581 1516 sine
1601 1492 1672 1527 qua
1693 1492 1785 1527 non,
1817 1479 1892 1514 sive
1919 1478 2078 1525 colligati
2099 1480 2135 1513 et
2154 1487 2240 1512 con-

1185 1541 1415 1585 comitantis,
1444 1540 1480 1575 id
1497 1543 1570 1586 est,
1599 1541 1674 1574 sine
1702 1549 1772 1585 quo
1802 1538 1940 1573 bonum
1961 1537 2125 1572 debitum
2145 1534 2241 1570 obti-

1185 1599 1261 1633 neri
1284 1599 1423 1644 nequit,
1447 1598 1512 1633 sub
1534 1598 1631 1633 bono
1662 1600 1783 1632 autem
1805 1595 1926 1630 debito
1949 1595 2059 1630 etiam
2081 1592 2240 1640 privatio

1185 1657 1272 1690 mali
1300 1656 1422 1691 debita
1452 1656 1668 1691 continetur.
1728 1654 1867 1689 Malum
1896 1656 2016 1688 autem
2037 1652 2242 1687 admittitur

1185 1725 1257 1749 non
1281 1725 1325 1748 ex
1346 1714 1524 1759 principio
1545 1713 1768 1748 necessitatis
1784 1712 1982 1757 absolutae,
2001 1711 2061 1745 sed
2078 1721 2124 1745 ex
2140 1709 2238 1755 prin-

1183 1773 1279 1819 cipio
1300 1772 1583 1807 convenientiae.
1644 1770 1838 1805 Rationem
1866 1769 1962 1804 enim
1984 1780 2060 1802 esse
2081 1770 2237 1813 oportet,

1183 1842 1246 1866 cur
1267 1831 1363 1866 Deus
1386 1831 1523 1864 malum
1545 1828 1731 1876 permittat
1752 1828 1891 1874 potius,
1929 1837 2038 1872 quam
2065 1836 2137 1860 non
2160 1835 2239 1871 per-

1184 1890 1323 1924 mittat:
1347 1888 1440 1924 ratio
1462 1891 1584 1923 autem
1604 1887 1750 1922 divinae
1772 1885 1967 1921 voluntatis
1989 1895 2083 1932 non,
2117 1882 2188 1918 nisi
2218 1894 2241 1918 a

1183 1947 1298 1992 bono,
1323 1947 1418 1981 sumi
1439 1948 1571 1991 potest.

1243 2004 1310 2038 37.
1332 2005 1472 2038 Malum
1501 2003 1612 2038 etiam
1646 2002 1773 2046 culpae
1801 2010 1984 2045 nunquam
2013 1999 2051 2033 in
2072 2000 2150 2033 Deo
2171 1997 2238 2034 ob-

1177 2062 1316 2106 jectum
1340 2064 1393 2095 est
1416 2060 1610 2095 voluntatis
1631 2058 1888 2105 productivae,
1926 2057 1988 2091 sed
2011 2060 2150 2092 tantuin
2172 2055 2238 2090 ali—

1181 2119 1325 2166 quando
1356 2118 1607 2165 perinissivae3
1637 2116 1721 2162 quia
1749 2116 1826 2161 ipse
1848 2125 2032 2160 nunquam
2053 2116 2240 2160 peccatum

1181 2178 1285 2225 facit,
1327 2177 1390 2212 sed
1431 2179 1572 2211 tantum
1611 2174 1658 2210 ad
1698 2184 1881 2208 summum
1921 2172 2116 2218 aliquando
2156 2182 2238 2219 per-

1181 2238 1307 2329 nug}
1326 2291 1514 2328 Generalis
1533 2292 1654 2326 autem
1674 2289 1810 2336 Regula
1830 2291 1885 2323 est
1906 2286 2137 2335 permittendi
2157 2297 2238 2333 pec-

1152 2351 1153 2375 ³
1180 2352 1262 2398 cati,
1285 2352 1362 2386 Deo
1383 2349 1592 2395 hominique
1612 2347 1833 2392 eommunis,
1864 2349 1904 2381 ut
1925 2356 2031 2381 nemo
2051 2345 2238 2391 permittat

64 2410 211 2445 coelesti
231 2410 305 2454 geri
333 2410 493 2446 Christus
522 2410 631 2455 dixit,
669 2412 706 2444 et
742 2410 932 2445 brutorum
960 2411 1123 2445 animan·
1152 2408 1153 2430 ³
1180 2413 1363 2457 peccatum
1385 2409 1563 2455 alienum,
1595 2406 1664 2443 nisi
1692 2404 1919 2452 impediendo
1940 2404 2091 2451 ipsemet
2116 2406 2238 2439 actum

1789 2463 1853 2508 Et,
1890 2465 1930 2498 ut
1956 2461 2070 2497 verbo
2098 2462 2236 2508 dicam,

1154 2538 1155 2542 ¹
1181 2529 1366 2572 peccatum
1401 2523 1561 2569 permitti
1591 2532 1775 2567 nunquam
1804 2521 1936 2566 lieet,
1973 2520 2043 2555 nisi
2064 2531 2146 2555 cum
2169 2520 2236 2555 de-

1182 2586 1278 2629 bet,
1302 2584 1346 2617 de
1367 2593 1439 2627 quo
1462 2581 1662 2617 distinctius
1679 2580 1774 2614 infra
1797 2576 1831 2620 ξ.
1857 2579 1921 2614 66.

1242 2643 1308 2676 39.
1344 2642 1441 2675 Deus
1469 2640 1592 2684 itaque
1619 2638 1714 2672 inter
1741 2636 1885 2681 objecta
1906 2635 2100 2671 voluntatis
2126 2635 2234 2671 habet

1181 2700 1378 2745 optimum,
1414 2700 1453 2732 ut
1481 2698 1588 2731 finem
1618 2696 1809 2741 ultitnum3
1846 2694 1908 2729 sed
1928 2694 2066 2730 bonum
2087 2696 2126 2728 ut
2146 2703 2232 2737 qua-

1180 2759 1421 2802 lemcumque,
1457 2755 1567 2790 etiam
1588 2754 1853 2798 subalternum,
1889 2763 1946 2787 res
1974 2764 2059 2787 vero
2089 2750 2230 2785 indiffe-

1179 2818 1317 2861 rentes,
1354 2814 1512 2858 itemque
1540 2813 1635 2847 mala
1663 2822 1803 2858 poenae
1823 2822 1931 2857 saepe
1951 2813 1991 2845 ut
2019 2808 2154 2851 1nedia3
2189 2808 2228 2840 at

1178 2873 1315 2908 malum
1343 2872 1467 2917 culpae
1493 2881 1564 2906 non
1593 2870 1665 2905 nisi
1693 2872 1733 2905 ut
1754 2870 1806 2904 rei
1825 2869 1962 2915 alioqui
1984 2867 2122 2903 debitae
2143 2874 2226 2898 con-

1178 2932 1353 2966 ditionem
1380 2929 1457 2964 sine
1485 2940 1555 2975 qua
1585 2937 1677 2973 non3
1715 2939 1758 2964 eo
1794 2938 1919 2974 sensu,
1959 2936 2031 2971 quo
2065 2921 2225 2957 Christus

1179 2989 1272 3025 dixit
1293 2990 1470 3034 oportere,
1493 2990 1534 3022 ut
1555 2986 1723 3024 scandala
1744 2987 1913 3021 existant.

1238 3047 1304 3081 40.
1324 3046 1507 3081 Hactenus
1528 3045 1572 3081 (le
1592 3045 1841 3090 magnitudine
1870 3045 1905 3077 et
1926 3042 1968 3075 de
1990 3037 2149 3073 bonitate
2170 3046 2222 3070 se-

1176 3105 1332 3151 paratim
1353 3115 1395 3139 ea
1416 3103 1588 3151 diximus,
1610 3113 1703 3150 quae
1724 3098 1989 3150 praeparatoria
2010 3094 2114 3138 hujus
2133 3093 2221 3129 Tra-

66 3160 228 3206 nimul113
254 3172 384 3209 nempe
405 3166 482 3199 tam
502 3172 623 3198 reruni
645 3160 888 3208 perfectiones
908 3159 946 3195 in
973 3161 1117 3196 univer·
1173 3162 1342 3197 ctationis
1387 3162 1499 3197 videri
1536 3165 1707 3208 possunt,
1751 3170 1844 3195 nunc
1870 3164 2017 3199 agamus
2046 3151 2090 3186 de
2111 3150 2219 3197 perti-

67 3228 164 3266 sum,
194 3228 303 3266 quain
323 3221 510 3268 speciatim
530 3219 816 3258 substantiarum
837 3218 1117 3264 intelligentium

1143 3297 1147 3318 1

1172 3220 1340 3259 uentibus
1360 3220 1407 3257 ad
1428 3222 1617 3269 utramque
1631 3219 1799 3265 junctim.
1850 3210 2115 3249 Communia
2135 3220 2221 3255 ergo

1737 3268 1829 3309 83*
