2361 3643
418 305 854 374 CAUSA
937 307 1169 374 DEI
1251 306 1883 377 ASSERTA

648 471 813 518 PER

884 471 1377 518 JUSTITIAM
1448 472 1654 520 EJUS

159 608 263 645 CUM
293 609 528 646 CAETERIS
557 609 669 646 EJUS
699 610 1110 648 PERFECTIONIBUS
1140 610 1440 653 CUNCTISQUE
1469 612 1755 650 ACTIONIBUS
1786 614 2129 654 CONCILIATAM.

124 864 158 900 1.
196 862 511 911 Apologetica
545 862 722 899 Causae
757 863 840 899 Dei
874 863 1148 909 Tractatio}

62 932 135 957 non
170 924 313 956 tantum
347 921 393 956 ad
428 921 591 956 divinam
628 921 800 969 gloriam,
837 921 899 956 sed
927 922 1037 957 etiam
1072 923 1118 958 ad
1144 916 1146 942 1

59 982 223 1014 nostram
243 979 440 1014 utilitatem
461 979 635 1025 pertinet,
664 981 704 1014 ut
732 982 809 1015 tum
830 979 1118 1024 magnitudinem
1143 962 1146 1016 J

60 1036 149 1084 ejus,
173 1037 209 1073 id
231 1040 284 1073 est
303 1038 504 1083 potentiam
525 1037 809 1084 sapientiamque
828 1038 1008 1085 colamus,
1039 1041 1117 1074 tum

59 1095 171 1130 etiam
206 1095 427 1141 bonitatem,
465 1099 501 1131 et
521 1106 612 1141 quae
632 1105 680 1130 ex
709 1106 751 1130 ea
771 1095 989 1142 derivantur,
1009 1095 1117 1140 justi-

59 1153 150 1188 tiam
169 1164 211 1188 ac
231 1153 459 1188 sanctitatem
480 1164 662 1200 amemus,
687 1156 933 1200 quantumque
954 1154 992 1189 in
1012 1154 1118 1190 nobis

60 1215 114 1246 est
131 1211 326 1248 imitemur.
360 1211 477 1255 Hujus
497 1212 737 1247 Tractationis
757 1212 849 1248 duae
871 1215 953 1247 sunt
974 1215 1115 1259 partes:
1144 1229 1145 1255 J

59 1269 159 1315 prior
176 1270 448 1316 praeparatoria
465 1271 591 1315 magis,
615 1270 729 1305 altera
750 1271 959 1316 principalis
979 1271 1116 1306 censeri

59 1331 198 1373 potest,
235 1327 336 1374 prior
364 1330 500 1374 spectat
528 1328 698 1362 Divinam
725 1325 939 1377 Magnitju
950 1328 1114 1375 dinem,
1143 1315 1144 1368 J

58 1385 413 1430 Ronitatemque
456 1385 733 1432 separatim,
780 1388 960 1432 posterior
1007 1387 1116 1432 perti·
1142 1371 1144 1430 J

57 1442 181 1477 nentia
207 1442 254 1476 ad
282 1445 472 1488 utramque
488 1443 666 1488 junctim,
695 1443 734 1478 in
755 1444 888 1488 quibus
909 1447 993 1479 sunt
1016 1445 1116 1480 Pro-
1142 1431 1144 1446 J

58 1499 272 1535 videntia
307 1500 400 1535 eirea
436 1511 561 1536 omnes
591 1506 793 1548 ereaturaS,
833 1504 869 1536 et
899 1502 1115 1547 Regimen
1142 1495 1144 1559 J

57 1558 151 1594 circa
177 1558 438 1603 intelligentes,
474 1558 689 1604 praesertim
718 1559 757 1593 in
786 1559 933 1603 negotio
972 1560 1117 1606 pietatis
1143 1561 1144 1594 l

55 1619 91 1652 et
112 1616 252 1652 salutis.
1143 1608 1146 1664 J

122 1674 161 1709 2.
182 1673 446 1719 Magnitudinis
467 1674 622 1710 Divinae
650 1673 771 1721 potius
798 1684 907 1720 quam
938 1674 1117 1710 Bonitatis

56 1732 235 1767 rationem
262 1732 419 1768 habuere
445 1732 621 1778 Theologi
648 1732 861 1779 rigidiores3
891 1736 929 1768 at
957 1733 1116 1768 laxiores

56 1793 199 1826 contra:
236 1793 387 1835 utraque
416 1791 588 1837 perfectio
608 1801 721 1837 aeque
742 1801 849 1830 curae
869 1794 923 1826 est
944 1802 1027 1827 vere
1048 1792 1115 1827 Or-

57 1846 241 1884 thodoxis.
302 1847 413 1883 Error
434 1848 725 1893 Magnitudinem
747 1849 813 1883 Dei
841 1849 1114 1893 insi-ingentium
1142 1838 1143 1901 J

55 1905 638 1951 Anthropomorphismus,
674 1906 881 1942 Bonitatem
909 1908 1115 1943 tollentium
1141 1903 1143 1925 ³

56 1963 90 1998 D
99 1975 119 1999 e
129 1974 178 2010 sp
187 1963 281 1998 otis
291 1974 327 1998 m
336 1975 359 1998 u
371 1974 387 1998 s
408 1963 584 2010 appellari
605 1967 736 2009 posset.

118 2021 154 2056 3.
185 2020 467 2068 Magnitudo
488 2021 569 2056 Dei
598 2021 757 2056 studiose
784 2020 920 2056 tuenda
949 2024 1003 2057 est
1029 2032 1115 2057 con-

55 2081 114 2115 tra
152 2079 362 2115 Socinianos
397 2079 597 2125 imprimiS,
638 2082 674 2114 et
708 2079 885 2124 quosdam
925 2079 1115 2115 Semisoci-

55 2137 209 2184 nianos,
258 2136 297 2172 in
344 2137 478 2183 quibus
519 2137 757 2172 Conradus
800 2137 1017 2173 Vorstius
1056 2138 1114 2172 hic

54 2194 216 2230 maxime
256 2195 428 2241 peccavit.
507 2195 687 2230 Revocari
734 2196 856 2230 autem
891 2195 956 2230 illa
996 2197 1115 2242 potest

60 2253 108 2288 ad
143 2252 215 2289 duo
250 2253 371 2300 capita
397 2263 560 2301 summa,
598 2252 906 2300 omnipotentiam
934 2256 971 2289 et
998 2253 1114 2289 omni-

53 2311 254 2347 seientiam.

114 2370 152 2404 4.
183 2368 539 2415 Omnipotentia
572 2368 826 2415 complectitur
861 2372 939 2404 tum
966 2369 1034 2404 Dei
1062 2369 1115 2404 in-

53 2426 333 2474 dependentiam
353 2427 400 2463 ab
421 2426 521 2474 aliis,
551 2429 629 2462 tum
650 2427 816 2462 omnium
837 2426 1114 2473 dependentiam
1142 2444 1144 2455 v

1140 1966 1141 1971 ’
1172 1964 1348 2009 specialis.

55 2485 103 2520 ab
124 2484 214 2529 ipso.

115 2543 153 2576 5.
189 2540 568 2586 Independentia
594 2542 678 2576 Dei
715 2542 752 2575 in
774 2542 966 2577 existendo
985 2543 1110 2589 elucet,
1141 2567 1143 2594 J

53 2601 89 2633 et
116 2598 154 2633 in
181 2598 332 2642 agendo.
390 2598 437 2632 Et
463 2599 609 2643 quidem
640 2599 682 2633 in
713 2599 989 2646 existendo,
1025 2601 1110 2635 dum
1140 2634 1141 2642 J

53 2659 109 2691 est
130 2656 353 2691 necessarius
373 2658 408 2690 et
428 2658 615 2702 aeternus,
638 2658 691 2701 et,
714 2659 753 2690 111
774 2657 882 2700 vulgo
904 2658 1111 2705 loquuntur,
1140 2654 1141 2685 J

54 2724 118 2749 ens
167 2724 189 2748 a
211 2724 265 2748 se:
327 2713 432 2748 Unde
471 2714 582 2747 etiam
614 2724 837 2759 consequens
871 2717 926 2749 est
959 2715 1110 2751 immen-
1139 2701 1140 2710 J

53 2783 134 2808 sum
155 2782 241 2806 esse.

113 2831 150 2865 6.
187 2829 237 2864 In
269 2827 443 2873 agendo
481 2827 722 2873 independens
750 2831 804 2863 est
833 2829 1046 2865 naturaliter
1072 2833 1109 2865 et

52 2887 248 2923 moraliter.
309 2886 531 2921 Naturaliter
566 2886 730 2933 quidem,
759 2885 847 2921 dum
879 2889 933 2922 est
968 2887 1111 2922 liberri-

54 2955 149 2991 mus,
173 2956 248 2991 nec,
274 2944 343 2979 nisi
364 2956 385 2979 a
403 2955 439 2979 se
461 2944 552 2991 ipso,
573 2943 617 2978 ad
635 2943 812 2989 agendum
829 2944 1109 2990 determinatur-3

53 3003 242 3038 moraliter
262 3013 359 3049 vero,
383 3002 469 3037 dum
496 3005 548 3037 est
571 2990 901 3048 οἷνυπεὶῖἓδυῑός,
923 3013 985 3037 seu
1006 3014 1110 3049 supe-

55 3060 190 3096 riorem
211 3072 286 3095 non
306 3060 426 3095 habet.

115 3117 154 3152 7.
185 3117 508 3164 Dependentia
539 3125 693 3152 rerum
732 3126 754 3150 a
781 3115 876 3151 Deo
903 3117 1111 3153 extenditur

56 3176 134 3208 tum
162 3174 209 3208 ad
234 3176 356 3210 omnia
385 3174 592 3221 possibilia,
630 3184 691 3208 seu
713 3183 804 3218 quae
827 3184 901 3208 non
921 3175 1110 3220 implicant

54 3231 394 3278 contradictionem,
424 3236 502 3268 tum
523 3232 634 3268 etiam
655 3231 699 3266 ad
721 3231 844 3266 onmia
863 3232 1029 3267 actualia.

116 3289 152 3324 S.
181 3289 263 3335 Ipsa
291 3299 412 3326 rerum
440 3290 767 3337 possibilitaS,
798 3299 880 3325 cum
917 3292 999 3326 actu
1033 3301 1106 3326 non
1134 3292 1137 3314 ¹

1175 862 1348 910 existunt,
1371 863 1572 900 realitatem
1593 865 1701 902 habet
1729 866 1919 903 fundatam
1946 868 1985 903 in
2005 869 2130 906 divina
2151 871 2228 907 exi-

1174 921 1325 957 stentia:
1348 922 1418 956 nisi
1434 923 1531 957 enim
1542 924 1641 958 Deus
1662 924 1843 972 existeret,
1872 926 1962 961 nihil
1983 929 2155 973 possibile
2175 931 2229 966 fo-

1173 982 1249 1025 ret3
1271 983 1306 1015 et
1326 980 1514 1026 possibilia
1535 982 1582 1018 ab
1602 985 1751 1018 aeterno
1773 987 1856 1019 sunt
1875 984 1914 1018 in
1935 985 2024 1020 ideis
2045 986 2159 1023 divini
2174 988 2228 1024 in-

1175 1038 1348 1073 tellectus.

1234 1096 1270 1131 9.
1307 1097 1418 1132 Actu
1431 1096 1524 1132 alia
1560 1096 1761 1144 dependent
1797 1109 1819 1133 a
1847 1098 1925 1134 Deo
1961 1101 2038 1135 tum
2073 1102 2109 1136 in
2151 1103 2228 1138 exi-

1175 1153 1319 1200 stendo,
1356 1157 1434 1189 tum
1461 1154 1499 1189 in
1529 1155 1689 1201 agendo,
1718 1167 1783 1192 nec
1803 1159 1943 1192 tantum
1971 1158 2017 1192 ab
2046 1159 2230 1198 intellectu

1173 1212 1273 1259 ejus,
1294 1212 1357 1248 sed
1378 1213 1488 1247 etiam
1516 1224 1538 1248 a
1559 1214 1755 1249 voluntate.
1817 1215 1862 1249 Et
1896 1215 2039 1261 quidem
2068 1217 2105 1253 in
2140 1219 2230 1254 exi—

1173 1273 1271 1306 sten
1283 1270 1357 1317 do,
1380 1270 1466 1306 dum
1487 1282 1612 1306 omnes
1632 1283 1688 1307 res
1711 1273 1818 1307 aDeo
1838 1273 1950 1308 libere
1970 1278 2052 1309 sunt
2073 1280 2226 1324 creatae,

1172 1331 1281 1374 atque
1302 1329 1413 1364 etiam
1433 1340 1454 1363 a
1477 1330 1553 1365 Deo
1574 1333 1850 1376 conservantur;
1871 1341 1986 1377 neque
2007 1333 2101 1368 male
2122 1334 2228 1369 doce-

1172 1389 1242 1432 tur,
1264 1387 1577 1422 conservationem
1597 1388 1759 1423 divinam
1776 1399 1851 1424 esse
1867 1389 2115 1426 continuatam
2130 1403 2227 1428 crea-

1172 1444 1322 1491 tionem,
1341 1448 1379 1480 ut
1400 1445 1520 1480 radius
1540 1446 1714 1481 continuo
1735 1458 1756 1482 a
1777 1447 1853 1482 sole
1873 1446 2016 1493 prodit3
2045 1450 2111 1484 etsi
2131 1461 2227 1486 crea-

1172 1504 1272 1537 turae
1294 1513 1408 1549 neque
1424 1514 1471 1539 ex
1492 1504 1561 1538 Dei
1582 1504 1750 1552 essentia,
1769 1515 1885 1552 neque
1905 1507 2125 1555 necessario,
2146 1519 2228 1554 pro-

1171 1563 1332 1595 manent.

1238 1618 1300 1651 10.
1336 1617 1386 1651 111
1421 1618 1596 1663 agendo
1634 1629 1691 1653 res
1719 1618 1923 1665 dependent
1957 1631 1979 1655 a
2007 1621 2104 1668 Deo,
2141 1622 2228 1659 dum

1173 1674 1273 1709 Deus
1300 1675 1346 1709 ad
1367 1685 1488 1709 rerum
1509 1676 1669 1711 actiones
1698 1678 1899 1721 concurrit3
1936 1682 2111 1723 quatenus
2133 1681 2229 1716 inest

1143 1743 1145 1782 J
1171 1732 1374 1768 actionibus
1396 1732 1533 1779 aliquid
1554 1734 1804 1781 perfectionis,
1836 1744 1931 1780 quae
1958 1736 2082 1783 utique
2107 1749 2129 1773 a
2151 1740 2229 1775 Deo

1171 1801 1318 1826 manare
1339 1790 1457 1826 debet.

1235 1849 1252 1883 1
1266 1850 1301 1884 l.
1332 1850 1596 1885 Concursus
1624 1852 1745 1884 autem
1767 1849 1836 1885 Dei
1864 1845 2001 1895 (etiam
2022 1852 2229 1890 ordinarius

1171 1916 1234 1941 seu
1261 1918 1335 1942 non
1362 1904 1624 1957 miraculosus)
1660 1908 1769 1943 simul
1797 1911 1832 1943 et
1861 1908 2089 1946 immediatus
2112 1915 2165 1947 est
2194 1917 2230 1948 et

1409 1966 1455 2000 Et
1476 1965 1622 2010 quidem
1645 1965 1960 2013 immediatus,
1982 1969 2156 2013 quoniam
2177 1973 2228 2006 ef-

1173 2021 1288 2056 fectus
1308 2032 1382 2057 non
1404 2022 1486 2057 ideo
1508 2025 1649 2058 tantum
1670 2034 1692 2059 a
1708 2024 1786 2058 Deo
1807 2023 1995 2070 dependet,
2017 2026 2103 2071 quia
2122 2038 2229 2064 eausa

1142 2098 1143 2105 1
1171 2077 1250 2122 ejus
1275 2089 1297 2114 a
1318 2079 1398 2114 Deo
1429 2082 1509 2114 orta
1530 2084 1603 2128 est,
1632 2081 1693 2116 sed
1714 2081 1823 2115 etiam
1845 2081 1930 2126 quia
1950 2082 2047 2117 Deus
2068 2095 2141 2119 non
2161 2085 2228 2120 mi-

1170 2147 1256 2182 nus,
1292 2146 1408 2183 neque
1435 2138 1627 2184 remotius,
1665 2139 1702 2174 in
1731 2139 1811 2184 ipso
1841 2139 1972 2174 effectu
1993 2142 2226 2186 producendo

1169 2195 1359 2241 concurrit,
1382 2205 1493 2241 quam
1513 2195 1551 2230 in
1571 2195 1801 2242 producenda
1821 2195 1934 2242 ipsius
1953 2207 2072 2233 causa.

1234 2252 1298 2288 12.
1333 2253 1356 2287 S
1367 2253 1565 2299 pecialis
1601 2265 1686 2290 vero
1713 2256 1766 2289 est
1792 2264 2003 2301 concursus,
2039 2256 2123 2302 quia
2151 2268 2227 2294 non

1171 2312 1312 2346 tantum
1332 2310 1378 2346 ad
1399 2310 1629 2347 existentiam
1650 2313 1702 2347 rei
1721 2314 1890 2357 actusque
1910 2312 2085 2360 dirigitur,
2106 2315 2168 2350 sed
2190 2319 2227 2351 et

1170 2367 1217 2403 ad
1252 2368 1432 2404 existendi
1468 2369 1616 2405 modum
1651 2374 1686 2406 et
1714 2370 1927 2417 qualitates,
1964 2361 2139 2417 quatenus
2160 2375 2225 2408 ali-

1171 2426 1257 2472 quid
1294 2426 1523 2473 perfeetionis
1558 2428 1630 2463 illis
1659 2429 1769 2474 inest,
1808 2427 1903 2472 quod
1932 2439 2073 2476 semper
2102 2442 2124 2466 a
2145 2432 2224 2466 Dm

1142 2506 1143 2515 J
1170 2485 1335 2531 profluit,
1368 2488 1471 2530 patre
1493 2486 1687 2532 luminum,
1710 2486 1900 2531 omnisque
1920 2487 2006 2521 boni
2028 2488 2165 2525 datore.

1235 2543 1297 2577 13.
1321 2542 1501 2577 Hactenus
1532 2543 1576 2577 de
1606 2544 1768 2589 potentia
1790 2543 1879 2589 Dei,
1901 2555 1995 2579 nunc
2015 2545 2059 2581 de
2079 2548 2222 2592 sapien—

1170 2600 1221 2634 tia
1256 2599 1351 2645 ejus,
1388 2611 1479 2647 quae
1516 2601 1562 2635 ob
1599 2602 1877 2636 immensitatem
1900 2606 2050 2639 vocatur
2077 2605 2221 2640 Omnia

1169 2658 1380 2692 seientia.
1441 2659 1540 2693 Haec
1575 2670 1656 2694 cum
1693 2663 1729 2694 et
1764 2659 1844 2705 ipsa
1872 2660 1919 2695 sit
1944 2653 2219 2706 periet-tissima,

1169 2712 1257 2761 (non
1279 2715 1398 2750 minus
1419 2726 1528 2762 quam
1549 2712 1844 2765 omnipotentia)
1873 2719 2123 2765 complectitur
2144 2730 2219 2753 om-

1166 2784 1249 2808 nem
1270 2773 1388 2808 ideam
1410 2777 1445 2809 ct
1465 2784 1611 2810 omnem
1631 2775 1841 2821 veritatemg
1862 2775 1896 2810 id
1918 2781 1982 2824 est,
2006 2777 2125 2812 omnia
2144 2780 2219 2810 tam

1165 2831 1414 2878 incomplexa,
1444 2842 1553 2876 quam
1573 2833 1784 2880 complexa,
1807 2843 1896 2880 quae
1917 2835 2095 2878 objectum
2116 2833 2217 2867 intel-

1166 2888 1277 2922 lectus
1312 2899 1389 2923 esse
1419 2893 1588 2934 possunt:
1620 2894 1656 2930 et
1684 2895 1848 2927 versatur
1870 2891 1994 2927 itidem
2023 2895 2096 2925 tarn
2123 2890 2217 2924 cirea,

1166 2945 1367 2992 possibilia,
1390 2956 1500 2992 quain
1520 2948 1613 2983 circa
1633 2949 1798 2984 actualia.

1231 3003 1293 3038 14.
1334 3004 1642 3041 Possibilium
1670 3010 1759 3053 est,
1796 3015 1887 3053 quae
1907 3008 2051 3039 vocatur
2071 3003 2215 3038 Scion-

1167 3061 1233 3095 tia
1263 3061 1494 3108 simplicis
1519 3063 1889 3110 intelligentiae,
1927 3073 2016 3106 quae
2049 3064 2214 3095 versatur

1167 3121 1240 3153 tam
1271 3118 1310 3153 111
1339 3120 1463 3166 rebus,
1500 3131 1607 3167 quam
1628 3123 1667 3158 in
1687 3133 1811 3158 earum
1837 3118 2146 3162 connexionibus,
2177 3121 2214 3153 et.

1166 3178 1339 3223 utraeque
1359 3180 1442 3212 sunt
1463 3181 1537 3213 tam
1567 3181 1801 3223 necessariae,
1824 3187 1931 3222 quam
1959 3175 2212 3221 contingentes.

1229 3233 1291 3268 15.
1324 3234 1583 3273 Possibilia
1602 3233 1930 3279 contingentia
1957 3233 2108 3278 spectari
2130 3244 2213 3280 poso

1165 3294 1249 3327 suut
1276 3294 1353 3327 tum
1383 3296 1424 3329 ut
1449 3293 1627 3341 sejuncta,
1665 3298 1740 3329 tum
1768 3295 1807 3325 ut
1835 3290 2044 3325 coordinata
2064 3290 2101 3327 in
2121 3291 2214 3326 intea

1744 3348 1795 3382 83
