2361 3643
808 105 946 142 LXXI.

119 213 239 240 rursus
260 202 490 247 coniunctum
513 202 557 238 iri
586 204 762 249 expectet.

118 263 185 299 ties
206 262 428 309 vapulanteS,
465 262 496 296 si
517 262 602 308 quid
623 261 813 308 displicens
847 261 1007 307 fecerint,
1043 270 1164 296 rursus

118 321 267 357 verbera
286 325 491 369 expectant,
520 321 549 356 si
570 321 665 357 idem
694 321 839 368 faciant,
869 323 976 367 atque
1003 318 1083 355 idco
1117 318 1163 354 ab

115 380 257 416 actione
290 382 491 427 abstinent3
536 381 632 427 quod
673 392 755 416 cum
798 379 997 415 infantibus
1032 378 1165 414 liabent

113 450 319 475 commune.
366 441 410 475 Et
427 440 661 475 Americanus
691 439 837 485 quidam
867 439 1007 485 putavit
1034 438 1164 485 episto-

114 499 188 535 lam
210 500 439 546 proditricem
471 499 640 535 facinoris
674 498 729 533 sui
765 498 872 534 fuisse
907 498 1162 545 spectatricem,

114 559 198 604 quia
219 559 271 594 illi
293 560 393 594 modi
414 559 548 605 aliquid
570 557 757 605 prodendi,
779 558 840 604 qui
861 558 930 604 ipsi
953 557 1029 593 noti
1053 559 1164 604 erant,

114 618 181 654 hoc
202 618 253 654 ita
275 619 449 653 serebant.
508 617 575 653 Sed
596 618 681 664 quia
709 627 815 663 saepe
842 618 892 663 fit,
921 620 961 652 ut
982 617 1068 652 talia
1089 623 1165 651 tan-

114 680 191 713 tum
213 690 276 725 per
296 678 456 713 accidens
477 677 549 712 sint
578 676 781 723 conjuncta,
812 676 894 711 hinc
920 687 1026 723 saepe
1055 676 1167 723 empi-

114 737 177 772 rici
199 737 436 784 decipiuntur,
461 747 607 782 prorsus
627 740 665 771 ut
687 735 810 781 bruta,
843 738 882 770 ut
902 735 1046 783 scilicet,
1068 735 1165 782 quod

113 799 316 843 expectant,
339 807 411 830 non
434 796 585 830 eveniat.
637 795 691 830 Sic
713 795 741 829 si
763 794 843 830 cani
864 795 998 841 aliquid
1019 795 1165 831 facienti

112 856 195 890 dem
216 855 350 902 cibum,
380 854 415 889 id
437 854 581 900 quidem
604 855 642 889 fit
664 866 726 901 per
747 854 909 889 accidens
937 855 983 889 ob
1014 855 1163 891 liberam

111 914 334 949 voluntatem
357 922 494 955 meam3
517 914 579 949 ubi
601 925 687 949 vero
708 914 816 948 semel
838 914 993 949 assuevit
1015 914 1161 961 actioni,

112 983 223 1019 quam
245 984 326 1008 eum
348 974 474 1008 (locere
496 973 606 1020 volui,
629 984 701 1008 11011
722 973 877 1019 amplius
906 973 938 1007 ei
961 973 1007 1007 do
1027 973 1160 1021 cibum,

108 1042 220 1078 quum
242 1036 337 1068 recte
358 1032 443 1078 agit,
468 1033 536 1068 etsi
558 1033 616 1067 ille
637 1033 703 1068 hoc
723 1032 828 1068 initio
849 1031 963 1067 adhuc
984 1036 1159 1079 expectet.

108 1091 165 1126 Sic
195 1092 226 1126 si
255 1092 334 1138 quis
356 1093 511 1127 Batavus
538 1103 668 1127 navem
697 1092 936 1127 conscendens
970 1091 1007 1126 in
1035 1092 1161 1127 Asiam

108 1150 303 1189 deferatur,
333 1154 367 1186 et
389 1151 424 1185 in
447 1151 604 1197 aliquam
625 1151 823 1187 Turcarum
852 1150 977 1186 urbem
1005 1151 1157 1197 delatus,

108 1208 160 1244 ibi
180 1210 391 1245 cerevisiam
420 1210 456 1245 in
486 1211 656 1257 taberna,
687 1213 726 1246 ut
755 1210 853 1246 domi
882 1221 967 1245 suae
995 1214 1157 1257 quaerat,

106 1267 304 1314 decipietur
333 1270 458 1304 eodem
489 1269 618 1315 modo,
650 1270 872 1316 exspectabit
899 1269 995 1304 enim
1023 1269 1158 1316 aliquid

105 1337 127 1361 a
149 1328 313 1374 taberna,
335 1328 428 1374 quod
451 1339 533 1363 cum
561 1339 602 1362 ea
624 1331 766 1364 tantum
795 1340 859 1375 per
886 1328 1049 1363 accidens
1075 1339 1159 1364 con-

99 1384 267 1429 junctum
287 1391 353 1432 est,
376 1390 412 1421 et
434 1398 507 1422 non
527 1398 641 1432 aeque
668 1388 706 1422 in
728 1386 908 1433 Asiaticis,
935 1398 978 1422 ac.
998 1387 1034 1422 in
1057 1387 1159 1422 Bata-

103 1445 157 1480 vis
179 1445 338 1480 tabernis
360 1446 544 1491 reperitur.
587 1446 636 1480 At
657 1446 778 1491 homo,
796 1451 972 1492 quatenus
992 1457 1065 1480 non
1086 1456 1159 1480 em-

102 1503 214 1551 pirice
239 1504 298 1539 sed
329 1505 553 1540 rationaliter
575 1505 661 1551 agit,
692 1516 767 1539 11011
796 1505 883 1539 50115
911 1504 989 1539 fidit
1018 1505 1158 1551 experi-

102 1563 251 1609 mentis,
287 1567 349 1598 aut
387 1564 657 1599 inductionibus
691 1563 961 1611 particularium
992 1575 1014 1598 a
1040 1566 1158 1610 poste-

101 1622 202 1669 riori,
224 1623 284 1658 sed
307 1624 467 1670 procedit
487 1634 508 1658 a
529 1623 642 1670 priori
664 1635 728 1669 per
759 1623 929 1658 rationes.
979 1623 1023 1657 Et
1052 1623 1158 1668 quale

100 1685 154 1718 est
174 1682 364 1718 discrimen
388 1683 480 1719 inter
501 1684 747 1731 Geometram,
778 1686 841 1718 aut
863 1683 1065 1727 Analyseos
1096 1694 1155 1729 pe-
1185 1671 1186 1683 ¹

1006 105 1071 142 DE
1102 103 1265 141 ANIMA
1296 104 1581 142 BRUTORUM.

823 203 879 238 Ita
904 211 1010 237 canes
1028 201 1164 247 aliquo·
1190 200 1193 228 l

1191 265 1192 272 ¹
1223 258 1423 307 docentem,
1445 260 1507 306 qui
1529 261 1667 305 regulas
1691 259 1934 295 aritlnneticas
1955 258 2164 294 memoriter
2183 256 2275 292 didi-

2192 96 2276 138 465

1223 199 1331 235 ritum
1361 202 1396 235 et
1423 200 1702 237 Arithmeticum
1729 200 1887 247 aliquem
1916 199 2120 246 vulgarem,
2148 208 2278 245 pueros

1221 318 1281 365 cit,
1304 319 1364 354 sed
1385 319 1563 354 rationem
1584 330 1706 354 earum
1727 330 1802 354 non
1823 319 1945 365 novit,
1981 329 2044 353 nec
2064 316 2217 364 proinde
2236 316 2275 352 in

1222 378 1493 424 quaestionibus
1514 378 1677 413 nonnihil
1697 389 1718 413 a
1739 382 1909 413 consueto
1930 377 2179 413 recedentibus
2202 375 2274 411 sibi

1222 438 1406 473 consulere
1427 441 1561 484 potest:
1594 438 1664 472 tale
1691 441 1745 472 est
1775 437 1967 472 discrimen
1995 437 2090 472 inter
2116 435 2273 482 Empiri-

1221 507 1302 532 cum
1331 500 1367 532 et
1395 497 1641 542 Rationalem,
1691 497 1785 531 inter
1815 495 2104 532 consecutionem
2140 495 2273 532 bestia·

1222 567 1320 602 rum,
1344 559 1379 591 et
1409 555 1718 590 ratiocinationem
1741 555 1947 590 humanam.
2000 554 2152 590 Etiamsi
2174 555 2272 590 enim

1223 616 1337 650 multa
1364 616 1530 661 exempla
1559 614 1781 649 succedentia
1810 615 2056 660 experiamur:
2088 624 2271 661 nunquam

1222 678 1345 710 tamen
1364 674 1409 709 de
1430 678 1601 721 perpetuo
1622 684 1780 708 successu
1801 673 1914 709 securi
1944 685 2085 719 5111111157
2119 673 2189 708 11151
2214 683 2272 709 ra·

1222 734 1337 769 tiones
1372 734 1589 769 necessarias
1629 733 1866 779 reperiamus,
1910 733 2003 768 unde
2045 733 2270 779 colligamus,

1222 804 1299 829 rem
1333 793 1437 829 aliter
1473 805 1510 828 se
1545 792 1675 828 habere
1711 803 1785 828 non
1820 803 1935 839 posse.
2002 792 2127 838 Itaque
2163 792 2272 827 bruta

1220 853 1422 900 (quantum
1462 853 1653 888 observare
1692 852 1908 898 possumus)
1944 862 2017 886 non
2051 852 2272 896 cognoscunt

1218 913 1525 949 universalitatem
1542 911 1841 958 propositionum,
1860 910 1944 957 quia
1965 921 2038 946 non
2052 912 2272 955 cognoscunt

1218 972 1399 1008 rationem
1419 971 1654 1007 necessitatis.
1706 970 1751 1005 Et
1780 970 1862 1006 licet
1882 970 2076 1016 aliquando
2099 968 2271 1015 Empirici

1218 1042 1282 1079 per
1302 1031 1525 1067 inductiones
1547 1031 1722 1065 ducantur
1742 1029 1788 1064 ad
1809 1029 2072 1076 propositiones
2089 1040 2170 1064 vere
2191 1027 2271 1063 uni-

1220 1091 1390 1139 versales,
1412 1090 1447 1126 id
1465 1094 1586 1125 tamen
1610 1101 1670 1136 per
1691 1089 1854 1125 accidens
1874 1091 2026 1135 tantum,
2043 1099 2115 1123 non
2136 1088 2173 1122 vi
2188 1098 2271 1123 con-

1217 1151 1410 1186 secutionis
1430 1149 1619 1195 contingit.

1276 1210 1357 1245 XV.
1391 1209 1554 1255 Denique
1582 1209 1690 1243 homo
1717 1218 1738 1242 a
1761 1208 1838 1242 Deo
1866 1206 2066 1241 destinatur
2093 1206 2138 1241 ad
2164 1206 2271 1242 finem

1217 1269 1332 1304 multo
1348 1268 1611 1314 sublimiorem,
1628 1278 1758 1313 nempe
1779 1266 1824 1301 ad
1846 1266 2054 1301 societatem
2075 1276 2156 1300 cuin
2173 1265 2270 1312 ipso,

1217 1331 1252 1362 et
1274 1328 1354 1363 ideo
1385 1328 1450 1370 (ob
1481 1327 1707 1362 harmoniam
1736 1336 1927 1370 regnorum
1958 1328 2108 1360 naturae
2135 1328 2170 1359 et
2191 1335 2271 1369 gra-

1217 1387 1306 1431 tiae)
1342 1387 1570 1422 statuendum
1606 1389 1671 1432 est,
1709 1385 1848 1420 animas
1877 1385 2065 1430 humanas,
2098 1395 2170 1418 una
2189 1394 2272 1420 cum

1216 1446 1385 1489 organico
1409 1445 1565 1491 quodam
1593 1456 1744 1491 corpore
1773 1444 1998 1489 conservari,
2028 1455 2100 1478 non
2129 1445 2272 1478 tantum

1216 1515 1259 1538 eo
1280 1504 1403 1550 modo,
1425 1508 1464 1538 ut
1485 1504 1611 1548 bruta,
1642 1515 1733 1549 quae
1755 1505 1909 1538 sortasse
1930 1507 2012 1550 post
2033 1506 2189 1538 mortem
2208 1501 2271 1539 diu

1215 1566 1377 1609 stupent,
1419 1563 1479 1597 sed
1509 1564 1619 1597 modo
1648 1563 1846 1608 nobiliore,
1885 1565 1924 1597 ut
1953 1573 2096 1597 sensum
2126 1565 2162 1597 et
2189 1572 2272 1597 con-

1214 1622 1404 1657 scientiam
1425 1623 1615 1668 retineant,
1640 1632 1846 1669 poenaeque
1875 1624 1911 1657 et
1936 1621 2087 1669 praemii
2115 1621 2187 1657 sint
2214 1631 2271 1657 ca-

1216 1693 1332 1729 paces.

1084 2097 1319 2156 Lxxu.

913 2213 1456 2273 EPISTULA

1152 2336 1222 2371 Al)

156 2435 783 2514 WAGNERUM
845 2437 986 2513 DE
1050 2437 1153 2513 VI

1216 2432 1597 2512 ACTIVA
1662 2430 2213 2530 CORPORIS,

737 2583 804 2618 DE
835 2583 1019 2629 ANIMA,
1052 2583 1117 2618 DE
1148 2582 1312 2618 AMMA
1345 2579 1626 2617 sslzn'ronml.

1008 2736 1031 2789 1
1105 2734 1137 2791 7

1208 2736 1232 2789 1
1305 2735 1364 2791 0.

195 2909 294 2944 (Epp.
324 2910 363 2938 ad
391 2910 511 2938 (livens.
538 2910 599 2938 Ed.
626 2910 825 2938 Kortholt
851 2910 924 2938 Vol.
957 2911 984 2938 1.
1011 2917 1042 2944 p.
1072 2909 1148 2940 197.
1177 2925 1214 2929 —
1246 2911 1382 2939 Leibn.
1409 2911 1489 2944 opp.
1519 2909 1581 2937 Ed.
1608 2911 1768 2938 Duteus
1795 2909 2179 2945 'rom.11.1³.1.p.226.)

162 3093 191 3128 1.
223 3095 278 3130 Ad
300 3108 354 3142 ea,
376 3108 466 3142 quae
486 3097 530 3131 ‹lc
552 3098 693 3132 animae
710 3099 836 3131 natura
852 3096 1004 3142 quaeris,
1027 3095 1152 3131 lubens

101 3153 312 3199 respondeo,
329 3156 691 3202 quoniamexdubio,
710 3154 805 3201 quod
823 3166 958 3201 moves,
978 3154 1151 3201 intelligo,

101 3214 260 3246 mentem
282 3222 398 3248 meam
419 3215 504 3250 Tibi
525 3215 687 3251 nondum
709 3214 795 3250 satis
820 3216 1043 3260 perspectam
1063 3225 1150 3260 esse,

102 3268 208 3315 idque
238 3270 455 3316 praejudicio
492 3274 651 3320 quodam
686 3273 897 3319 contigisse,
942 3272 1069 3308 hausto
1106 3283 1153 3307 ex

100 3327 361 3366 schediasmate
391 3342 493 3379 meo,
528 3332 665 3369 inserto
692 3333 794 3369 Actis
822 3331 1059 3380 eruditorum,
1089 3316 1184 3379 ubil

1182 3105 1184 3125 ³
1213 3096 1256 3131 de
1272 3096 1306 3130 vi
1324 3095 1440 3131 activa
1455 3096 1627 3143 corporis,
1651 3100 1775 3132 contra
1796 3097 1846 3132 (Ἰ.
1869 3095 2033 3131 Sturmi
2047 3106 2065 3129 u
2079 3105 2112 3128 111
2135 3095 2200 3141 egi.
2222 3091 2258 3139 ¹)

1182 3166 1183 3171 ¹
1213 3155 1288 3201 Ais,
1318 3166 1376 3190 me
1404 3154 1455 3189 ibi
1475 3156 1562 3190 satis
1583 3156 1753 3191 materiae
1777 3156 1847 3190 vim
1868 3154 2020 3190 activam
2050 3153 2257 3201 vindicasse,

1212 3218 1247 3249 et
1266 3214 1353 3249 dum
1382 3213 1616 3250 resistentiam
1644 3216 1814 3252 materiae
1843 3214 1972 3260 tribuo,
2001 3211 2118 3247 cidem
2147 3212 2257 3249 etiam

1266 3342 1299 3379 ¹)
1326 3344 1368 3373 V.
1393 3347 1454 3373 art.
1481 3346 1518 3374 L.
1541 3345 1606 3379 huj.
1633 3344 1684 3374 cd.
