2361 3643
1068 524 1138 580 L.
1224 523 1291 581 Β.

227 666 391 724 Cuique
412 662 599 708 Leibnitii
630 661 936 722 philosophiam
964 659 1206 720 indagaturo
1238 661 1419 720 primum
1452 660 1564 720 quod
1586 662 1719 706 obstet
1754 662 1834 708 hoc
1859 672 1940 719 est,
1979 667 2091 726 quod
2111 669 2261 728 scripta

107 761 195 805 ejus
227 750 309 785 tam
340 758 431 785 rara
462 747 575 794 sunt,
605 747 776 799 tamque
807 740 859 783 ad
888 739 1180 782 inveniendum
1211 738 1396 781 difficilia.
1459 740 1633 782 Constat
1663 740 1954 801 Philosophiae
1987 745 2262 790 Germanicae

105 822 335 881 genitorem
371 820 413 862 in
446 818 668 862 Germania
699 816 904 860 editorem
927 832 1103 875 operum
1133 816 1320 859 nondum
1349 816 1577 868 invenisse,
1614 832 1713 860 cum
1744 819 1866 861 unica
1898 835 2006 877 quac
2036 829 2144 866 extet
2173 822 2259 866 col-

109 898 226 941 lectio
255 897 437 939 instituta
467 896 518 937 sit
548 910 572 937 a
606 893 745 947 Gallo,
775 895 816 937 in
837 894 1044 937 Britannia
1074 893 1270 952 degente,
1301 891 1517 935 Ludovico
1538 892 1807 951 Dutensiof)
1871 898 2017 951 Quum
2046 913 2145 942 vero
2164 899 2260 943 Du-

106 975 221 1015 tensii
250 973 371 1015 editio
401 987 485 1016 non
516 973 655 1014 omnia
686 972 888 1015 contineat
919 986 1027 1030 quae
1056 969 1363 1030 philosophiam
1393 977 1579 1028 spectent
1599 969 1787 1015 Leibnitii
1816 988 1966 1032 opera,
2004 974 2262 1019 adsumenda

103 1051 229 1091 etiam
260 1057 356 1092 sunt
375 1049 607 1092 Posthuma
638 1065 746 1108 quae
775 1047 953 1106 Raspius
984 1048 1182 1103 ediditfl)
1242 1046 1473 1105 Utramque
1503 1063 1603 1090 vero
1636 1063 1812 1106 operum
1833 1048 2021 1093 Leibnitii
2051 1051 2258 1096 collectio-

104 1141 200 1169 nem
231 1128 378 1168 srustra
409 1142 433 1168 a
464 1125 693 1184 bibliopolis
725 1140 917 1183 quaeres,
946 1125 1030 1166 imo
1064 1125 1105 1166 in
1136 1123 1309 1182 publicis
1339 1122 1592 1168 bibliothecis
1624 1123 1878 1169 desiderabis
1909 1134 1950 1170 et
1978 1130 2121 1187 magni
2150 1130 2262 1187 apud

102 1204 352 1260 antiquarios
392 1209 551 1244 tantum
591 1216 698 1261 quos
736 1207 884 1244 vocant
924 1215 1050 1243 emes.
1109 1199 1295 1252 Accedit,
1336 1199 1449 1258 quod
1488 1215 1589 1243 sane
1626 1201 1876 1256 dolendum,
1914 1210 1960 1246 ut
1996 1205 2038 1248 in
2068 1205 2260 1249 Dutensii

102 1277 278 1318 editione
298 1274 411 1317 nulla
431 1292 528 1334 pars
560 1284 643 1318 tam
674 1275 926 1333 negligenter
956 1277 1183 1332 composita
1214 1278 1283 1328 sit,
1315 1291 1441 1333 quam
1473 1291 1581 1335 quae
1612 1293 1738 1337 opera
1765 1279 2099 1341 philososophica
2126 1284 2257 1326 conti-

102 1357 180 1392 net.
241 1350 456 1407 Leguntur
487 1350 591 1392 haec
620 1351 663 1392 in
694 1350 913 1392 voluminis
943 1350 1113 1392 secundi
1144 1358 1258 1409 parte
1288 1353 1435 1410 priore.
1495 1353 1701 1410 Equidem
1739 1370 1838 1399 cum
1868 1372 1954 1401 non
1983 1359 2185 1403 assentiar
2211 1361 2261 1402 iis

102 1426 171 1482 qui
209 1425 364 1478 dicant,
401 1426 443 1468 in
475 1425 718 1469 collectione
748 1442 923 1485 operum
954 1424 1332 1485 philosophicorum
1362 1426 1551 1470 Leibnitii
1580 1429 1822 1476 collocanda
1853 1449 1945 1477 esse
1977 1435 2116 1478 omnia
2148 1452 2258 1494 quae

105 1501 328 1544 Leibnitius
374 1517 560 1560 unquam
591 1503 679 1561 ipse
709 1503 930 1555 invenerit,
968 1504 1121 1562 quippe
1152 1518 1282 1561 quum
1313 1519 1397 1546 non
1427 1505 1606 1561 potuerit
1633 1522 1718 1549 non
1748 1508 2034 1567 philosophice
2063 1513 2257 1565 scribere,

101 1578 300 1621 editorem
330 1577 473 1631 laudo,
503 1579 615 1637 quod
644 1578 927 1639 philosophica
967 1594 991 1621 a
1016 1578 1315 1623 mathematicis
1345 1586 1386 1623 et
1416 1579 1673 1639 philologieis
1704 1581 1878 1642 aliisque
1909 1587 2103 1642 operibus
2134 1604 2256 1648 sepa-

101 1657 213 1697 ravit.
273 1654 448 1707 Deinde,
487 1671 584 1698 cum
624 1671 708 1699 non
738 1657 927 1715 ignorem
960 1670 1087 1713 quam
1117 1654 1277 1699 difficile
1315 1671 1518 1715 persaepe
1559 1659 1610 1700 sit
1641 1658 1884 1716 dijudicatu,
1922 1668 2063 1704 utrum
2093 1666 2259 1724 scriptio

100 1731 237 1789 aliqua
274 1731 582 1790 philosophicae
619 1732 766 1775 indolis
796 1733 846 1775 sit
876 1748 928 1774 an
959 1747 1044 1774 non
1075 1732 1143 1784 sit,
1181 1747 1266 1775 non
1306 1732 1523 1792 objurgem
1554 1733 1756 1779 editorem
1787 1737 1898 1796 quod
1929 1753 2063 1782 unum
2094 1747 2167 1783 aut
2197 1740 2257 1783 alm

99 1814 232 1849 terum
264 1824 369 1867 opus
397 1810 503 1852 inter
532 1808 815 1868 philosophica
845 1824 930 1851 non
961 1809 1261 1861 numeraverit,
1296 1824 1391 1852 mea
1427 1812 1627 1854 sententia
1660 1828 1711 1855 ex
1741 1813 1789 1855 iis
1820 1829 1905 1858 non
1936 1814 2256 1860 excludendum„

99 1883 141 1925 ld
179 1899 277 1926 vero
313 1886 355 1928 in
384 1884 590 1928 Dutensio
625 1888 718 1945 jure
756 1886 976 1945 vituperari
1015 1892 1148 1944 potest
1184 1885 1294 1944 quod
1332 1886 1374 1928 in
1413 1886 1701 1932 distribuendis
1729 1888 1920 1933 Leibnitii
1958 1892 2153 1950 operibus
2183 1894 2258 1937 sibi

95 1961 184 2018 ipse
213 1976 296 2004 non
332 1963 544 2005 consentit.
603 1962 870 2005 Documento
911 1963 962 2004 sit
997 1962 1203 2022 inscriptio
1233 1961 1456 2006 voluminis
1488 1966 1632 2023 quarti.
1695 1966 1821 2020 Quod
1850 1983 1949 2010 cum
1978 1983 2125 2028 reapse
2155 1985 2255 2015 con-

98 2036 221 2078 tineat
258 2038 462 2097 opuscula
500 2038 804 2098 philosophica,
843 2039 941 2097 quin
976 2036 1118 2080 itidem
1154 2037 1437 2098 philosophiae
1468 2040 1582 2084 titulo
1614 2042 1903 2096 instrueretur,
1947 2043 2033 2087 fieri
2063 2061 2148 2089 non
2178 2062 2255 2105 po-

96 2112 179 2154 tuit.
210 2138 267 2144 —-—
296 2114 463 2173 Majoris
500 2116 702 2158 momenti
738 2114 819 2157 hoc
850 2122 930 2167 est,
969 2115 1080 2173 quod
1110 2114 1339 2158 Dutensius
1378 2132 1505 2175 quem
1543 2117 1585 2159 in
1624 2118 1770 2160 ceteris
1800 2118 2079 2163 voluminibus
2110 2138 2251 2165 serva-

95 2195 211 2231 verat
232 2188 418 2232 ordinem
447 2190 490 2233 in
520 2189 602 2233 hoc
633 2190 755 2249 plane
785 2190 977 2249 neglexit.
1022 2191 1226 2250 Exempla
1256 2194 1444 2236 asseram:
1477 2194 1589 2236 Cum
1619 2193 1852 2237 Dutensius
1882 2197 2071 2250 nesciret,
2101 2197 2253 2242 disser-

94 2265 290 2307 tationem
321 2265 373 2308 de
402 2267 600 2326 principio
630 2266 827 2310 individui
858 2266 994 2311 adhuc
1024 2275 1197 2322 exstare,
1226 2270 1267 2312 in
1288 2268 1505 2313 Ludovicii
1534 2286 1634 2313 vero
1666 2270 1905 2330 biographia
1936 2271 2136 2327 Leibnitii,
2164 2274 2255 2318 the-

93 2355 161 2382 ses
190 2342 393 2384 inveniret
422 2344 459 2384 ei
495 2343 766 2386 dissertationi
796 2343 1000 2397 adnexas,
1031 2344 1107 2387 has
1136 2346 1310 2403 recepit,
1342 2346 1597 2405 easdemque
1629 2354 1844 2405 tamquam
1874 2348 2068 2407 reliquias
2099 2366 2183 2394 non
2212 2354 2255 2395 in

94 2418 224 2460 fronte
263 2434 439 2477 operum
475 2419 857 2479 philosophicorum
897 2422 1052 2480 posuit,
1090 2421 1165 2464 sed
1194 2424 1243 2465 iis
1274 2422 1505 2465 subnexuit.
1552 2422 1666 2466 Esto.
1714 2423 1799 2466 §ed
1830 2440 1904 2467 cur
1935 2441 2092 2483 quaeso
2122 2429 2250 2471 intro—

94 2492 330 2537 ductionem
369 2511 495 2554 quam
526 2496 781 2539 Thomasius
814 2496 1002 2541 Leibnitii
1033 2498 1304 2541 dissertationi
1336 2499 1618 2556 praemiserat,
1650 2515 1674 2542 a
1704 2499 1889 2542 thesibus
1920 2510 2182 2562 segregatam
2212 2506 2253 2547 in

95 2568 183 2624 ipso
214 2571 433 2615 voluminis
463 2573 635 2616 secundi
663 2574 775 2617 initio
808 2574 1052 2618 collocavit?
1072 2604 1125 2612 -
1159 2574 1345 2618 Alterum
1376 2575 1618 2634 exemplum
1649 2575 1730 2619 hoc
1761 2577 1830 2619 sit:
1863 2576 2096 2633 Fouchero,
2126 2580 2250 2623 Leib-

94 2644 240 2686 nitium
278 2649 456 2691 refutare
493 2651 655 2692 conanti
693 2657 833 2693 noster
869 2651 1102 2709 respondet.
1163 2652 1268 2694 Eam
1299 2653 1613 2711 responsionem
1645 2668 1683 2709 p.
1717 2654 1786 2705 67,
1816 2655 2106 2699 refutationem
2137 2656 2171 2699 F
2175 2673 2249 2699 ou—

95 2717 206 2761 cheri
237 2721 407 2779 posthac
434 2723 612 2781 legimus
642 2741 680 2783 p.
713 2729 809 2770 102.
843 2753 897 2760 —
930 2729 975 2771 si
1006 2728 1184 2787 denique
1215 2727 1419 2780 adsumis,
1462 2727 1574 2786 quod
1606 2744 1690 2771 una
1728 2728 1961 2790 eademque
1993 2734 2156 2791 scriptio
2189 2732 2248 2774 di-

213 2885 253 2939 Ὅ
284 2891 422 2928 Prodiit
453 2894 538 2931 hacc
567 2895 679 2932 editio
699 2897 868 2934 Genevae
888 2909 984 2935 anno
1005 2897 1309 2946 MDCCLXVIII,
1342 2907 1409 2934 sex
1430 2899 1677 2936 voluminibus
1706 2901 1900 2948 complexa
1938 2913 2048 2950 opera
2078 2901 2247 2939 Leibnitii

93 2958 229 3007 omnia,
273 2960 496 3011 theologica,
532 2965 804 3014 philosophica,
839 2969 1115 3017 mathematica,
1152 2968 1378 3016 philologica.
1415 2990 1472 2995 —-
1519 2971 1657 3012 Quodsi
1701 2971 1813 3007 editio
1856 2972 1987 3008 citatur
2021 2972 2248 3010 Coloniae

94 3030 331 3076 Allobrog.
377 3035 414 3068 et
456 3035 672 3071 Berolini
709 3047 805 3072 anno
848 3037 1202 3075 MDCCLXXXIX.
1245 3041 1341 3076 foras
1383 3040 1486 3088 data,
1529 3041 1727 3077 notandum
1762 3045 1837 3091 est,
1891 3043 1982 3079 hanc
2038 3053 2117 3078 esse
2162 3054 2244 3080 cani

92 3100 209 3146 ipsam
250 3101 445 3140 editionem
486 3115 582 3141 novo
625 3108 765 3142 tantum
817 3106 923 3143 titulo
974 3108 1198 3146 instructam.
1266 3109 1308 3146 Id
1343 3111 1442 3157 quod
1484 3111 1589 3147 facilc
1626 3112 1767 3160 patebit
1793 3113 1879 3149 dum
1917 3112 2027 3148 modo
2056 3116 2245 3161 utramque

91 3169 288 3207 editionem
308 3175 575 3221 comparaveris
604 3179 640 3212 ct
659 3176 697 3212 in
721 3179 872 3223 utraque
891 3177 1036 3214 casdem
1056 3179 1236 3216 inveneris
1256 3181 1406 3218 mendas
1427 3182 1719 3230 typographicas.

209 3248 274 3299 Μ)
306 3257 464 3292 Oeuvies
492 3257 788 3307 philosophiques
817 3259 864 3296 de
893 3261 954 3296 scu
982 3259 1056 3298 Mr.
1080 3261 1230 3300 Leibniz
1251 3261 1415 3311 publiees
1435 3275 1502 3312 par
1522 3265 1592 3301 Mr.
1614 3265 1706 3302 Rud.
1728 3264 1811 3301 Eric
1831 3263 1950 3312 Raspe
1969 3276 2054 3302 avec
2075 3276 2145 3303 unc
2165 3267 2242 3315 pre—

91 3321 167 3358 t'acc
187 3323 232 3360 dc
246 3324 317 3364 Mr.
338 3325 502 3364 Kastner.
562 3329 680 3367 Amst.
701 3333 737 3367 ct
757 3330 872 3379 Leips.
900 3330 1021 3369 1765.
1045 3332 1083 3369 4.
