2361 3643
128 184 213 224 (362
850 174 1023 212 LXXIII.

127 282 199 318 tiae
226 272 451 323 privilegium
480 273 552 316 est,
586 268 727 305 infinite
748 267 891 305 minora
917 269 1176 315 perfectissime

126 346 249 375 curare
284 340 409 378 posse:
446 338 538 374 quae
572 328 642 363 etsi
675 327 775 363 nulla
809 327 1021 373 assignabili
1055 328 1177 375 ipsum

124 391 357 442 proportione
378 386 590 433 respiciant,
612 390 756 421 servant
777 388 898 422 tamen
922 387 1015 422 inter
1037 398 1075 423 se
1095 399 1180 435 pro-
1202 408 1204 426 3

122 447 432 499 portionalitatem
467 445 686 491 exiguntque
716 445 900 493 ordinem,
943 456 1051 492 quem
1080 447 1178 482 Deus
1203 428 1205 474 i

119 508 207 555 ipsis
229 505 372 541 indidit.

184 565 276 600 122.
297 563 416 608 anue
438 562 528 596 inre
549 561 706 608 quodam
730 561 838 597 modo
849 563 967 598 Deum
989 562 1180 599 imitantur

121 625 336 660 Geometrae
372 631 437 667 per
474 631 607 656 novam
652 621 968 657 intinitesimormn
1011 622 1180 666 analysin

119 694 166 719 ex
184 681 526 726 infiniteparvorum
544 679 974 726 atqueinassignabilium
986 692 1175 727 compara-

119 743 217 777 tione
228 740 321 775 inter
336 751 385 783 se,
398 737 537 782 majora
552 742 660 783 atque
677 738 823 773 utiliora
841 750 950 785 quam
968 741 1046 786 quis
1056 739 1175 775 erede-

118 804 172 836 ret
190 799 224 834 in
243 798 328 844 ipsis
346 796 654 841 magnitudinibus
670 796 949 842 assignabilibus
967 798 1172 833 insorentes.

180 858 273 893 123.
295 856 370 892 Nos
392 857 517 899 igitur,
547 853 680 898 rejecta
703 854 763 889 illa
784 854 1013 891 odiosissima
1035 856 1174 891 Misan-

117 916 279 962 thropia,
312 918 454 950 tuemur
481 913 610 948 merito
632 924 810 948 sunnnain
834 913 871 948 in
894 915 970 950 Deo
992 916 1172 950 Philan-

116 974 371 1020 thropiam,
411 972 472 1018 qui
508 982 634 1007 omnes
671 972 716 1006 ad
752 972 915 1007 veritatis
950 974 1171 1019 agnitionem

114 1032 322 1080 pervenire,
353 1042 479 1066 omnes
506 1041 527 1065 a
548 1031 702 1077 peccatis
730 1030 777 1064 ad
805 1030 975 1066 virtutem
996 1033 1171 1078 converti,

115 1102 241 1126 omnes
276 1091 395 1125 salvos
443 1089 515 1123 sieri
562 1089 657 1123 serio
702 1089 833 1135 voluit,
880 1091 1172 1137 voluntatemque

115 1149 377 1195 multiplicibus
419 1148 566 1182 Gratiae
608 1148 755 1182 auxiliis
799 1147 1004 1183 declaravit.
1065 1149 1171 1190 Quod

116 1218 204 1242 vero
226 1218 299 1241 non
321 1217 462 1252 semper
482 1208 575 1241 sacta
596 1209 680 1240 sunt
701 1216 792 1251 quae
814 1206 870 1240 hic
893 1207 1024 1253 voluit,
1049 1208 1172 1254 utique

112 1264 327 1312 repugnanti
349 1264 537 1300 hominum
560 1264 719 1299 malitiae
740 1264 891 1299 attribui
912 1265 1031 1301 debet.

177 1323 270 1358 124.
298 1324 348 1357 At
376 1323 484 1365 lianc,
514 1322 673 1368 inquies,
703 1333 871 1368 superare
893 1324 1009 1369 potuit
1029 1334 1171 1359 summa

114 1382 279 1428 potentia
320 1392 395 1416 sua.
458 1381 613 1426 Fateor,
660 1381 825 1426 inquam:
862 1381 923 1417 sed
962 1386 1001 1417 ut
1025 1383 1169 1428 faceret,

110 1440 210 1475 nullo
234 1440 318 1484 jure
354 1439 605 1486 obligabatur,
650 1450 766 1485 neque
811 1439 849 1474 id
893 1441 986 1476 ratio
1026 1441 1199 1476 aliunde

111 1499 261 1533 ferebat.

174 1557 266 1591 125.
296 1555 474 1591 Instabis:
512 1558 652 1590 tantam
683 1555 967 1602 benignitatem,
998 1561 1169 1603 quantam

108 1616 186 1650 Deo
224 1615 354 1649 merito
383 1614 597 1659 tribuimus,
637 1624 909 1660 progressuram
940 1616 1048 1649 fuisse
1077 1617 1169 1650 ultra

108 1685 152 1709 ea
182 1684 274 1719 quae
302 1675 484 1719 praestare
514 1672 722 1716 tenebatur,
752 1672 827 1705 imo
849 1672 1029 1716 optimum
1051 1673 1168 1706 Deum

108 1731 221 1766 teneri
242 1731 286 1766 ad
309 1730 452 1776 optima
473 1729 710 1775 praestanda,
743 1729 875 1763 saltem
897 1740 944 1764 ex
965 1730 1044 1775 ipsa
1064 1729 1170 1765 boni-

107 1793 182 1824 tate
202 1792 352 1828 naturae
366 1799 464 1822 suae.

172 1847 263 1880 126.
293 1846 361 1880 Hic
389 1856 474 1890 ergo
505 1844 650 1879 tandem
685 1843 732 1878 ad
766 1844 936 1879 Summae
963 1845 1168 1891 Sapientiae

109 1904 256 1939 divitias
284 1914 365 1938 cum
389 1903 499 1937 Paulo
528 1902 782 1937 recurrendum
812 1906 885 1948 est,
923 1912 1013 1947 quae
1044 1903 1167 1948 utique
1194 1926 1195 1931 ,

108 1973 214 2008 passa
247 1972 318 1996 non
347 1963 422 2004 est,
453 1964 491 1995 ut
514 1961 608 1995 Deus
633 1961 706 1994 vim
729 1960 847 1994 ordini
870 1971 992 1994 rerum
1014 1961 1166 1995 naturis-

107 2030 177 2064 que
207 2020 284 2053 sine
315 2019 391 2064 lege
419 2027 658 2062 mensuraque
689 2018 855 2063 inferret,
896 2021 936 2052 nt
958 2018 1166 2053 turbaretur

105 2077 296 2112 harmonia
318 2075 551 2119 universalis,
586 2078 625 2110 ut
647 2076 718 2110 alia
739 2075 785 2110 ab
807 2076 946 2121 optima
968 2087 1089 2111 rerum
1110 2088 1164 2111 se-

104 2136 175 2169 ries
207 2135 408 2180 eligeretur.
469 2134 511 2168 In
546 2133 614 2167 hae
652 2137 775 2168 autem
811 2134 1084 2179 continebatur,
1124 2137 1163 2169 ut

105 2203 229 2227 omnes
265 2192 447 2237 libertati,
485 2194 592 2236 atque
621 2191 711 2226 adeo
749 2192 898 2237 quidam
935 2192 1163 2238 improbitati

104 2262 190 2285 suae
212 2250 521 2296 relinquerentur:
551 2250 648 2295 quod
671 2249 726 2284 vel
749 2250 832 2285 inde
850 2250 1055 2294 judicamus
1077 2251 1163 2296 quia
1190 2258 1191 2261 ’

105 2310 238 2343 factum
260 2312 324 2343 est.
348 2308 439 2342 Add.
466 2306 497 2349 §.
527 2307 619 2341 142.

172 2366 260 2399 127.
291 2367 440 2401 Interim
463 2365 736 2411 philanthropia
758 2365 826 2400 Dei
847 2365 1077 2410 universalis,
1101 2376 1161 2399 seu

107 2423 269 2458 voluntas
299 2425 460 2459 salvandi
491 2434 636 2470 omnes,
659 2434 705 2458 ex
728 2423 888 2457 Auxiliis
916 2423 1004 2468 ipsis
1026 2423 1160 2467 elucet3

107 2491 199 2526 quae
236 2483 420 2528 omnibus,
457 2483 568 2517 etiam
598 2481 785 2528 reprobis,
822 2481 1055 2526 sufficientia,
1087 2481 1161 2514 imo

107 2549 277 2584 persaepe.
307 2540 528 2575 abundantia
557 2541 731 2586 praestita
752 2543 853 2585 sunt,
890 2539 957 2574 etsi
986 2539 1024 2573 in
1045 2538 1161 2573 omni-

108 2596 176 2631 bus
198 2596 311 2639 gratia
334 2599 461 2632 victrix
482 2609 555 2632 non
579 2598 635 2632 sit.

173 2652 264 2687 128.
300 2654 484 2690 Caeterum
521 2666 593 2690 non
624 2655 727 2689 video
757 2665 820 2690 cur
850 2665 991 2689 necesse
1012 2653 1059 2688 sit
1080 2663 1160 2697 gra-

109 2710 220 2756 tiam,
249 2709 311 2744 ubi
337 2713 499 2748 eflectum
530 2714 678 2759 plenum
707 2713 959 2759 consequitur,
989 2710 1160 2756 consequi

108 2779 192 2803 eum
221 2778 362 2813 semper
391 2781 453 2804 sua
475 2776 622 2816 natura,
656 2782 718 2806 seu
748 2782 825 2805 esse
855 2781 920 2815 per
948 2781 986 2804 se
1009 2769 1161 2804 effectri-

109 2837 207 2871 cem,
236 2836 316 2860 cum
349 2826 421 2860 sieri
444 2832 548 2871 queat
570 2833 609 2864 ut
630 2829 755 2864 eadem
777 2838 945 2863 mensura
967 2827 1104 2873 gratiae
1125 2827 1161 2861 in

108 2895 182 2920 uno
219 2884 266 2918 ob
295 2886 565 2928 repugnantiam
594 2888 650 2921 vel
680 2886 968 2922 circumstantias
996 2886 1163 2920 effectum
1190 2874 1191 2878 Ἰ

108 2953 183 2977 non
218 2943 475 2987 consequatur,
511 2952 615 2986 quein
643 2944 680 2978 in
708 2945 780 2979 alio
804 2944 956 2979 obtinet.
1016 2943 1091 2978 Nee
1113 2942 1163 2976 vi-

110 2999 178 3034 deo
206 3000 390 3045 quomodo
419 2999 476 3033 vel
515 3000 655 3034 ratione
679 3003 734 3036 vel
762 3000 1162 3047 revelationeprobari
1191 3027 1192 3032 ,

1190 3045 1192 3075 ‘⁴
1220 3068 1327 3093 causa
1349 3061 1414 3103 est,
1436 3066 1544 3102 quam
1566 3055 1765 3101 reprobans
1786 3053 1963 3100 praevidit
1984 3054 2093 3087 Deus.

109 3058 243 3103 possit,
272 3057 426 3101 gratiam
453 3056 635 3090 victricem
665 3070 802 3105 semper
832 3063 971 3094 tantam
992 3070 1087 3104 esse,
1123 3062 1162 3092 ut

109 3119 424 3161 quantamcunque
464 3114 723 3161 resistentiam,
767 3122 1060 3162 ‹piantascunque
1093 3115 1161 3150 cir·
1190 3145 1191 3154 ,

1190 3165 1191 3188 ³
1219 3172 1288 3217 lia,
1323 3172 1379 3206 vel
1401 3172 1564 3217 interna,
1602 3171 1659 3205 vel
1686 3172 1782 3205 certe
1802 3171 1971 3213 externa,
2009 3167 2162 3202 diversis
2192 3168 2275 3202 data

1190 3239 1192 3242 ·
1220 3230 1302 3275 sint,
1326 3240 1418 3275 quae
1439 3229 1477 3263 in
1498 3239 1571 3263 uno
1594 3228 1737 3262 vincant
1758 3225 1954 3270 malitiam,
1978 3225 2016 3260 in
2036 3225 2110 3260 alio
2131 3226 2274 3261 vincan-

109 3174 409 3208 cumstantiarum
427 3172 715 3215 incongruentias
731 3179 821 3208 essct
838 3177 1059 3220 superatura.
1082 3174 1162 3208 *Sa-

110 3230 241 3274 pientis
264 3242 332 3265 non
358 3234 413 3265 est
433 3231 633 3275 superfluas
657 3229 747 3263 vires
769 3232 948 3267 adhibere.

177 3288 264 3322 129.
302 3289 386 3323 Non
422 3292 542 3322 tamen
576 3297 668 3328 nego
695 3286 885 3331 aliquando
916 3288 1081 3335 evenire,
1121 3290 1162 3322 ut

109 3343 205 3378 Deus·
232 3350 357 3381 contra
379 3347 540 3380 maxima
561 3344 762 3389 obstacula,
795 3346 1075 3390 acerrimamque
1097 3345 1160 3381 ob-

1085 175 1361 214 CAUSA
1421 177 1575 214 DEI.

1236 270 1493 318 stinationem,
1531 270 1660 307 Gratia
1689 271 1753 307 illa
1780 274 2050 323 triumphatrice
2071 284 2212 329 utatur,
2249 292 2294 318 ne

1237 329 1281 364 de
1316 339 1498 375 quoquam
1533 340 1694 375 unquam
1722 331 1984 377 desperandum
2003 342 2191 389 putemuS,
2226 341 2293 376 etsi

1236 388 1360 432 regula
1380 388 1465 424 inde
1485 388 1653 423 constitui
1677 399 1750 424 non
1771 390 1912 426 debeat.
1956 400 1957 403 ’

1302 446 1394 482 130.
1425 447 1559 482 Errant
1580 447 1694 482 inulto
1715 448 1879 496 gravius,
1903 450 1964 495 qui
1985 453 2071 488 solis
2091 455 2211 490 electis
2231 457 2292 491 tri-

1236 505 1352 540 buunt
1373 505 1546 552 gratiam,
1569 505 1697 549 fidem,
1714 506 2028 554 justificationem,
2051 515 2293 556 regeneratio-

1237 575 1340 609 nemz,
1373 567 1547 610 tanquam
1569 564 1809 611 (repugnante
1831 566 2072 612 experientia)
2093 560 2293 614 πρόσκαι-

1236 633 1300 666 pot
1338 633 1464 657 omnes
1501 623 1712 669 hypocritae
1749 628 1888 670 essent,
1933 635 1998 659 nee
2034 636 2056 660 a
2094 611 2289 676 baptismo,

1236 691 1301 715 nec
1330 680 1376 715 ab
1400 681 1642 728 Eucharistia,
1674 684 1710 716 et
1741 681 1778 716 in
1810 683 2019 718 universum
2040 694 2104 719 nee
2131 695 2153 719 a
2173 685 2293 722 Verbo

1234 750 1300 774 nee
1337 750 1357 773 a
1386 739 1627 774 Sacramentis
1663 740 1850 786 spirituale
1881 740 2057 784 juvamen
2093 744 2290 789 accepturi3

1232 801 1293 832 aut
1323 801 1495 843 tanquam
1523 798 1645 832 nullus
1665 799 1798 834 electus
1820 799 2001 846 semelque
2025 812 2106 835 vere
2121 800 2292 844 justifica-

1233 859 1289 891 tus
1320 856 1358 891 in
1382 857 1516 891 crimen
1546 867 1609 891 seu
1630 856 1667 891 in
1689 860 1874 903 peccatum
1895 859 2158 904 proaereticum
2179 859 2292 895 relabi

1231 918 1372 961 posset,
1396 916 1470 962 vel,
1494 917 1534 949 ut
1555 915 1617 949 alii
1640 917 1791 962 malunt,
1815 919 1989 963 tanquam
2010 917 2047 951 in
2068 917 2199 952 mediis
2220 928 2291 954 sce-

1233 973 1367 1008 leribus
1383 973 1537 1018 gratiam
1554 975 1839 1017 regenerationis
1856 974 1988 1010 electus
2005 986 2077 1011 non
2094 976 2291 1011 amitteret.

1232 1031 1345 1067 Iidem
1375 1043 1397 1067 a
1419 1031 1513 1066 fideli
1548 1032 1786 1067 certissimam
1820 1033 1936 1067 finalis
1972 1033 2054 1068 fidei
2089 1034 2292 1080 persuasio-

1232 1100 1315 1125 nem
1336 1090 1483 1135 exigere
1504 1090 1637 1136 solent,
1662 1091 1719 1125 vel
1735 1093 1906 1135 negantes
1922 1091 2086 1136 reprobis
2103 1091 2289 1140 imperari,

1235 1148 1289 1183 vel
1312 1150 1510 1183 statuentes
1533 1148 1667 1184 falsum
1689 1160 1751 1184 eos
1772 1149 1916 1184 credere
1933 1149 2071 1193 juberi.

1295 1206 1389 1241 131.
1419 1206 1487 1242 Sed
1516 1206 1602 1242 haec
1631 1207 1796 1242 doctrina
1824 1207 1975 1251 rigidius
1996 1210 2161 1253 accepta,
2193 1217 2290 1243 mere

1231 1264 1375 1311 qtiidem
1403 1265 1617 1310 arbitraria,
1654 1266 1825 1311 nulloque
1852 1266 2090 1301 fundamento
2112 1265 2218 1312 nixa,
2254 1268 2290 1300 et

1230 1324 1277 1358 ab
1293 1323 1464 1368 antiquae
1480 1323 1660 1358 Ecclesiae
1676 1319 1886 1370 sententiis,
1911 1324 2061 1370 ipsoque
2086 1323 2289 1368 Augustino

1230 1382 1338 1428 plane
1360 1382 1496 1427 aliena,
1521 1382 1559 1416 in
1580 1383 1710 1428 praxin
1732 1382 1896 1428 influere,
1926 1385 1962 1417 et
1985 1383 2040 1416 vel
2062 1381 2290 1417 temerariam

1230 1441 1374 1485 futurae
1417 1440 1543 1475 salutis
1579 1440 1690 1475 etiam
1730 1440 1767 1474 in
1801 1441 1972 1486 improbo
2008 1440 2289 1486 persuasionem,

1198 1527 1199 1546 ἶ
1234 1499 1289 1534 vel
1332 1499 1484 1533 anxiam
1522 1497 1566 1532 de
1602 1502 1788 1543 praesente
1824 1499 1861 1532 in
1896 1498 2050 1541 gratiam
2086 1497 2290 1543 receptione

1229 1558 1340 1591 etiam
1369 1557 1406 1590 in
1435 1556 1496 1602 pio
1518 1555 1798 1600 dubitationem,
1830 1559 2020 1600 utramque
2042 1565 2114 1589 non
2136 1555 2213 1589 sine
2234 1565 2286 1589 se⁴

1229 1613 1410 1658 caritatis,
1440 1616 1502 1647 aut
1524 1612 1787 1657 desperationis
1807 1613 1987 1658 periculo,
2010 1623 2182 1658 generare
2203 1623 2288 1658 pos·

1229 1675 1298 1705 set:
1329 1672 1449 1715 itaque
1477 1673 1558 1715 post
1587 1670 1931 1716 Despotismum
1968 1670 2060 1705 hane
2090 1671 2287 1705 Particula-

1229 1728 1334 1764 rismi
1354 1728 1509 1774 speeiem
1532 1728 1691 1762 maxime
1712 1727 1956 1763 dissuaserim.

1294 1786 1385 1821 132.
1419 1786 1584 1821 Feliciter
1605 1789 1727 1820 autem
1749 1787 1888 1833 evenit,
1920 1789 1960 1820 ut
1982 1786 2130 1831 plurimi
2152 1788 2286 1831 tempe-

1228 1848 1307 1879 rent
1330 1847 1452 1878 tantae
1482 1847 1628 1888 tamque
1657 1844 1865 1889 paradoxae
1899 1843 2072 1878 novitatis
2108 1844 2285 1889 rigorem,

1227 1906 1261 1936 et
1284 1904 1322 1936 nt
1343 1902 1403 1947 qui
1426 1904 1617 1946 supersunt
1647 1901 1806 1936 lubricae
1836 1901 1927 1936 adeo
1956 1901 2144 1936 doctrinae
2164 1901 2283 1936 desen-

1226 1970 1345 2004 soreS,
1385 1959 1481 1993 intra
1504 1958 1638 1993 nudam
1662 1959 1844 1993 theoriam
1867 1959 2086 2006 subsistant,
2117 1969 2182 1993 nec
2203 1969 2283 2006 pra·

1225 2017 1279 2051 vis
1309 2016 1354 2051 ad
1385 2016 1516 2062 praxin
1547 2017 1815 2062 consequentiis
1845 2017 2073 2063 indulgeant,
2110 2017 2197 2051 dum
2233 2015 2282 2062 pii

1223 2075 1318 2109 inter
1339 2085 1420 2119 cOS,
1453 2078 1492 2109 ut
1513 2085 1557 2109 ex
1580 2075 1721 2110 meliori
1743 2075 1911 2119 dogmate
1932 2086 1999 2121 par
2020 2078 2090 2121 est,
2118 2074 2221 2110 filiali
2241 2074 2284 2109 ti-

1224 2143 1334 2178 more,
1358 2135 1393 2167 et
1415 2133 1522 2179 {dena
1543 2133 1679 2168 amoris
1707 2133 1854 2179 fiducia,
1884 2134 2038 2168 salutem
2069 2143 2171 2168 suam
2200 2142 2284 2180 ope-

1190 2196 1191 2201 ’
1221 2195 1359 2226 rantur.

1286 2249 1380 2285 133.
1411 2247 1487 2282 Nos
1508 2247 1612 2293 fidei,
1642 2248 1799 2294 gratiae,
1817 2247 2158 2295 justificationisque
2179 2259 2281 2295 prae-

1223 2307 1334 2341 sentis
1354 2305 1442 2341 certi
1466 2317 1542 2340 csse.
1563 2316 1769 2352 possumus,
1803 2310 1977 2351 quatenus
2006 2307 2138 2342 conscii
2160 2317 2282 2341 sumus

1222 2375 1346 2399 eornm
1365 2373 1455 2409 quae
1472 2373 1565 2397 nunc
1587 2363 1622 2397 in
1641 2363 1744 2397 nobis
1765 2364 1872 2407 fiunt,
1895 2365 2037 2398 futurae
2059 2368 2179 2398 autem
2201 2374 2281 2409 per-

1221 2422 1443 2456 severantiae
1477 2420 1612 2454 bonam
1644 2431 1744 2466 spem
1768 2420 1960 2467 babemuS,
1991 2422 2052 2456 sed
2081 2432 2166 2455 cura
2189 2424 2281 2455 tem-

1221 2486 1401 2524 peratam,
1432 2481 1602 2512 monente
1626 2478 1821 2524 Apostolo,
1851 2481 1891 2512 ut
1921 2479 1980 2524 qui
2004 2482 2074 2513 stat
2096 2478 2216 2513 videat
2236 2489 2281 2514 ne

1188 2550 1189 2556 ¹
1220 2537 1341 2571 cadat:
1381 2535 1443 2570 sed
1472 2535 1658 2570 electionis
1686 2536 1917 2582 persuasione
1937 2537 2125 2571 remittere
2145 2537 2188 2571 de
2208 2539 2279 2571 stu-

1188 2621 1189 2624 *
1220 2595 1281 2629 dio
1304 2594 1465 2640 pietatiS,
1502 2597 1538 2628 et
1574 2594 1716 2629 futurae
1742 2595 1989 2640 poenitentiae
2015 2594 2194 2630 confidere
2214 2593 2281 2629 mi·

1220 2653 1318 2687 nime
1338 2652 1523 2686 debemus.

1284 2711 1378 2744 134.
1410 2710 1508 2744 Haec
1538 2711 1664 2744 eontra
1686 2708 1991 2755 Misantlnopiam
2013 2709 2091 2744 Deo
2121 2709 2278 2754 imputa-

1221 2770 1296 2803 tam
1318 2767 1544 2802 suffecerint:
1573 2777 1670 2801 nune
1701 2767 1965 2802 ostendendum
1986 2770 2061 2813 est,
2084 2778 2149 2802 nec
2177 2768 2280 2801 Pro-

1222 2826 1546 2871 sopolepsiam
1564 2824 1646 2867 jure
1658 2825 1873 2870 exprobrari
1895 2825 1972 2859 Deo
1991 2828 2162 2870 tanquam
2185 2824 2279 2858 scili·

1221 2886 1275 2918 cet
1315 2883 1450 2918 Electio
1486 2882 1562 2924 ejus
1600 2882 1740 2917 ratione
1775 2886 1920 2917 careret.
1991 2881 2276 2918 Fundamentum

1221 2942 1415 2976 Electionis
1450 2940 1614 2975 Christus
1651 2944 1723 2986 est,
1763 2940 1824 2974 sed
1860 2939 1957 2985 quod
1992 2938 2137 2984 quidam
2159 2938 2279 2973 minus

1220 3000 1351 3035 Christi
1380 2998 1573 3045 participes
1604 3001 1707 3043 sunt,
1741 2997 1905 3043 ipsorum
1935 2996 2051 3031 finalis
2080 2995 2220 3031 malitia
2240 2996 2277 3030 in

1284 3115 1377 3150 135.
1408 3115 1457 3148 At
1484 3113 1542 3148 hie
1568 3124 1691 3148 rursus
1719 3112 1903 3157 quaeritur
1928 3121 1990 3144 cur
2011 3110 2154 3144 diversa
2174 3109 2277 3145 auxi-

1219 3287 1305 3322 tur?
1367 3286 1439 3321 Ubi
1468 3284 1728 3321 sententiarum
1754 3281 1912 3316 divortia
1938 3286 2023 3317 nata
2055 3287 2157 3317 sunt:
2185 3293 2274 3317 non-

1220 3344 1328 3379 nullis
1364 3344 1461 3377 enim
1499 3343 1615 3376 visum
1651 3343 1705 3376 est
1734 3340 1850 3374 Deum
1885 3340 2004 3376 minus
2040 3341 2177 3387 malos,
2212 3342 2274 3375 aut
