<?xml version="1.0" encoding="UTF-8"?>
<!DOCTYPE html PUBLIC "-//W3C//DTD XHTML 1.0 Transitional//EN"
    "http://www.w3.org/TR/xhtml1/DTD/xhtml1-transitional.dtd">
<html xmlns="http://www.w3.org/1999/xhtml" xml:lang="en" lang="en">
 <head>
  <title>
</title>
<meta http-equiv="Content-Type" content="text/html;charset=utf-8" />
  <meta name='ocr-system' content='tesseract 3.04.00' />
  <meta name='ocr-capabilities' content='ocr_page ocr_carea ocr_par ocr_line ocrx_word'/>
</head>
<body>
  <div class='ocr_page' id='page_1' title='image "./operaphilosophic00leibuoft_0056.png"; bbox 0 0 2361 3643; ppageno 0'>
   <div class='ocr_carea' id='block_1_1' title="bbox 140 170 192 211">
    <p class='ocr_par' dir='ltr' id='par_1_1' title="bbox 140 170 192 211">
     <span class='ocr_line' id='line_1_1' title="bbox 140 170 192 211; baseline -0.038 0"><span class='ocrx_word' id='word_1_1' title='bbox 140 170 192 211; x_wconf 79' lang='lat'>12</span> 
     </span>
    </p>
   </div>
   <div class='ocr_carea' id='block_1_2' title="bbox 170 263 1185 1718">
    <p class='ocr_par' dir='ltr' id='par_1_2' title="bbox 206 263 1178 313">
     <span class='ocr_line' id='line_1_2' title="bbox 206 263 1178 313; baseline -0.006 -9"><span class='ocrx_word' id='word_1_2' title='bbox 206 269 379 304; x_wconf 72' lang='lat' dir='ltr'>curiosius</span> <span class='ocrx_word' id='word_1_3' title='bbox 402 267 591 313; x_wconf 82' lang='lat' dir='ltr'>investiget</span> <span class='ocrx_word' id='word_1_4' title='bbox 612 263 763 312; x_wconf 86' lang='lat' dir='ltr'>petenda</span> <span class='ocrx_word' id='word_1_5' title='bbox 784 264 851 299; x_wconf 84' lang='lat' dir='ltr'>crit</span> <span class='ocrx_word' id='word_1_6' title='bbox 872 273 918 298; x_wconf 82' lang='lat' dir='ltr'>ex</span> <span class='ocrx_word' id='word_1_7' title='bbox 938 263 1178 311; x_wconf 71' lang='lat' dir='ltr'>discerptione</span> 
     </span>
    </p>

    <p class='ocr_par' dir='ltr' id='par_1_3' title="bbox 170 316 1185 1718">
     <span class='ocr_line' id='line_1_3' title="bbox 170 316 1179 374; baseline -0.006 -11"><span class='ocrx_word' id='word_1_8' title='bbox 170 329 193 363; x_wconf 83' lang='lat'>9</span> <span class='ocrx_word' id='word_1_9' title='bbox 207 329 243 363; x_wconf 89' lang='lat' dir='ltr'>in</span> <span class='ocrx_word' id='word_1_10' title='bbox 265 328 419 374; x_wconf 83' lang='lat' dir='ltr'>practica</span> <span class='ocrx_word' id='word_1_11' title='bbox 439 326 561 362; x_wconf 80' lang='lat' dir='ltr'>Italica</span> <span class='ocrx_word' id='word_1_12' title='bbox 581 324 723 368; x_wconf 85' lang='lat' dir='ltr'>usitata,</span> <span class='ocrx_word' id='word_1_13' title='bbox 747 327 832 359; x_wconf 66' lang='lat' dir='ltr'>vom</span> <span class='ocrx_word' id='word_1_14' title='bbox 849 316 1049 369; x_wconf 60' lang='lat' dir='ltr'>Scrffisscll.</span> <span class='ocrx_word' id='word_1_15' title='bbox 1081 323 1179 364; x_wconf 75' lang='lat' dir='ltr'>Quae</span> 
     </span>
     <span class='ocr_line' id='line_1_4' title="bbox 207 381 1178 428; baseline -0.005 -7"><span class='ocrx_word' id='word_1_16' title='bbox 207 386 289 422; x_wconf 86' lang='lat' dir='ltr'>talis</span> <span class='ocrx_word' id='word_1_17' title='bbox 310 398 385 420; x_wconf 85' lang='lat' dir='ltr'>esse</span> <span class='ocrx_word' id='word_1_18' title='bbox 406 386 521 427; x_wconf 81' lang='lat' dir='ltr'>debet,</span> <span class='ocrx_word' id='word_1_19' title='bbox 543 385 583 417; x_wconf 83' lang='lat' dir='ltr'>ut</span> <span class='ocrx_word' id='word_1_20' title='bbox 603 382 708 417; x_wconf 83' lang='lat' dir='ltr'>datus</span> <span class='ocrx_word' id='word_1_21' title='bbox 723 382 897 417; x_wconf 84' lang='lat' dir='ltr'>terminus</span> <span class='ocrx_word' id='word_1_22' title='bbox 918 381 1178 428; x_wconf 78' lang='lat' dir='ltr'>progressionis</span> 
     </span>
     <span class='ocr_line' id='line_1_5' title="bbox 207 440 1178 491; baseline -0.005 -12"><span class='ocrx_word' id='word_1_23' title='bbox 207 444 443 491; x_wconf 82' lang='lat' dir='ltr'>geometricae</span> <span class='ocrx_word' id='word_1_24' title='bbox 473 442 692 487; x_wconf 86' lang='lat' dir='ltr'>discerpatur</span> <span class='ocrx_word' id='word_1_25' title='bbox 725 451 798 475; x_wconf 84' lang='lat' dir='ltr'>una</span> <span class='ocrx_word' id='word_1_26' title='bbox 827 440 866 475; x_wconf 91' lang='lat' dir='ltr'>in</span> <span class='ocrx_word' id='word_1_27' title='bbox 902 441 1021 487; x_wconf 84' lang='lat' dir='ltr'>plures</span> <span class='ocrx_word' id='word_1_28' title='bbox 1049 444 1178 487; x_wconf 81' lang='lat' dir='ltr'>partes,</span> 
     </span>
     <span class='ocr_line' id='line_1_6' title="bbox 207 499 1180 548; baseline -0.001 -13"><span class='ocrx_word' id='word_1_29' title='bbox 207 513 314 548; x_wconf 84' lang='lat' dir='ltr'>quam</span> <span class='ocrx_word' id='word_1_30' title='bbox 343 504 426 536; x_wconf 83' lang='lat' dir='ltr'>sunt</span> <span class='ocrx_word' id='word_1_31' title='bbox 452 499 608 535; x_wconf 82' lang='lat' dir='ltr'>unitates</span> <span class='ocrx_word' id='word_1_32' title='bbox 635 499 852 546; x_wconf 88' lang='lat' dir='ltr'>exponentis</span> <span class='ocrx_word' id='word_1_33' title='bbox 881 499 948 545; x_wconf 87' lang='lat' dir='ltr'>sui,</span> <span class='ocrx_word' id='word_1_34' title='bbox 978 499 1014 534; x_wconf 89' lang='lat' dir='ltr'>id</span> <span class='ocrx_word' id='word_1_35' title='bbox 1041 502 1096 534; x_wconf 86' lang='lat' dir='ltr'>est</span> <span class='ocrx_word' id='word_1_36' title='bbox 1116 510 1180 534; x_wconf 90' lang='lat' dir='ltr'>nu-</span> 
     </span>
     <span class='ocr_line' id='line_1_7' title="bbox 208 557 1181 604; baseline -0.002 -10"><span class='ocrx_word' id='word_1_37' title='bbox 208 561 297 595; x_wconf 89' lang='lat' dir='ltr'>meri</span> <span class='ocrx_word' id='word_1_38' title='bbox 318 570 456 604; x_wconf 63' lang='lat' dir='ltr'>rerum,</span> <span class='ocrx_word' id='word_1_39' title='bbox 486 568 638 604; x_wconf 86' lang='lat' dir='ltr'>quarum</span> <span class='ocrx_word' id='word_1_40' title='bbox 658 569 797 604; x_wconf 87' lang='lat' dir='ltr'>semper</span> <span class='ocrx_word' id='word_1_41' title='bbox 817 557 975 603; x_wconf 85' lang='lat' dir='ltr'>aequalis</span> <span class='ocrx_word' id='word_1_42' title='bbox 996 557 1044 592; x_wconf 84' lang='lat' dir='ltr'>sit</span> <span class='ocrx_word' id='word_1_43' title='bbox 1063 558 1181 604; x_wconf 87' lang='lat' dir='ltr'>prima</span> 
     </span>
     <span class='ocr_line' id='line_1_8' title="bbox 207 617 1181 664; baseline -0.002 -11"><span class='ocrx_word' id='word_1_44' title='bbox 207 619 366 664; x_wconf 88' lang='lat' dir='ltr'>ultimae,</span> <span class='ocrx_word' id='word_1_45' title='bbox 388 617 543 652; x_wconf 83' lang='lat' dir='ltr'>secunda</span> <span class='ocrx_word' id='word_1_46' title='bbox 563 617 794 663; x_wconf 87' lang='lat' dir='ltr'>penultimae,</span> <span class='ocrx_word' id='word_1_47' title='bbox 818 617 923 651; x_wconf 82' lang='lat' dir='ltr'>tertia</span> <span class='ocrx_word' id='word_1_48' title='bbox 943 617 1181 663; x_wconf 88' lang='lat' dir='ltr'>antepenulti-</span> 
     </span>
     <span class='ocr_line' id='line_1_9' title="bbox 206 675 1183 722; baseline -0.002 -11"><span class='ocrx_word' id='word_1_49' title='bbox 206 687 286 711; x_wconf 83' lang='lat' dir='ltr'>mae</span> <span class='ocrx_word' id='word_1_50' title='bbox 306 679 383 722; x_wconf 61' lang='lat' dir='ltr'>etc„</span> <span class='ocrx_word' id='word_1_51' title='bbox 406 676 520 711; x_wconf 82' lang='lat' dir='ltr'>donee</span> <span class='ocrx_word' id='word_1_52' title='bbox 548 676 617 721; x_wconf 82' lang='lat' dir='ltr'>vel,</span> <span class='ocrx_word' id='word_1_53' title='bbox 647 675 679 710; x_wconf 88' lang='lat' dir='ltr'>si</span> <span class='ocrx_word' id='word_1_54' title='bbox 699 676 738 710; x_wconf 92' lang='lat' dir='ltr'>in</span> <span class='ocrx_word' id='word_1_55' title='bbox 759 686 882 722; x_wconf 82' lang='lat' dir='ltr'>parem</span> <span class='ocrx_word' id='word_1_56' title='bbox 904 675 1101 721; x_wconf 83' lang='lat' dir='ltr'>discerptus</span> <span class='ocrx_word' id='word_1_57' title='bbox 1129 678 1183 709; x_wconf 86' lang='lat' dir='ltr'>est</span> 
     </span>
     <span class='ocr_line' id='line_1_10' title="bbox 206 735 1182 781; baseline -0.002 -12"><span class='ocrx_word' id='word_1_58' title='bbox 206 745 394 770; x_wconf 88' lang='lat' dir='ltr'>numerum</span> <span class='ocrx_word' id='word_1_59' title='bbox 415 735 571 781; x_wconf 84' lang='lat' dir='ltr'>partium</span> <span class='ocrx_word' id='word_1_60' title='bbox 591 737 795 780; x_wconf 71' lang='lat' dir='ltr'>exponente</span> <span class='ocrx_word' id='word_1_61' title='bbox 811 745 873 769; x_wconf 90' lang='lat' dir='ltr'>seu</span> <span class='ocrx_word' id='word_1_62' title='bbox 893 744 1043 769; x_wconf 84' lang='lat' dir='ltr'>numero</span> <span class='ocrx_word' id='word_1_63' title='bbox 1064 744 1182 769; x_wconf 89' lang='lat' dir='ltr'>rerum</span> 
     </span>
     <span class='ocr_line' id='line_1_11' title="bbox 205 792 1183 840; baseline -0.002 -12"><span class='ocrx_word' id='word_1_64' title='bbox 205 794 335 840; x_wconf 88' lang='lat' dir='ltr'>impari</span> <span class='ocrx_word' id='word_1_65' title='bbox 357 793 547 839; x_wconf 78' lang='lat' dir='ltr'>existente,</span> <span class='ocrx_word' id='word_1_66' title='bbox 569 793 608 828; x_wconf 93' lang='lat' dir='ltr'>in</span> <span class='ocrx_word' id='word_1_67' title='bbox 629 793 748 828; x_wconf 89' lang='lat' dir='ltr'>medio</span> <span class='ocrx_word' id='word_1_68' title='bbox 769 793 860 828; x_wconf 85' lang='lat' dir='ltr'>duae</span> <span class='ocrx_word' id='word_1_69' title='bbox 879 792 1183 839; x_wconf 84' lang='lat' dir='ltr'>correspondeant</span> 
     </span>
     <span class='ocr_line' id='line_1_12' title="bbox 206 851 1182 899; baseline -0.001 -14"><span class='ocrx_word' id='word_1_70' title='bbox 206 855 323 898; x_wconf 83' lang='lat' dir='ltr'>partes</span> <span class='ocrx_word' id='word_1_71' title='bbox 344 864 408 899; x_wconf 86' lang='lat' dir='ltr'>per</span> <span class='ocrx_word' id='word_1_72' title='bbox 428 852 544 898; x_wconf 84' lang='lat' dir='ltr'>probl.</span> <span class='ocrx_word' id='word_1_73' title='bbox 572 852 604 887; x_wconf 92' lang='lat'>1.</span> <span class='ocrx_word' id='word_1_74' title='bbox 626 852 674 886; x_wconf 89' lang='lat' dir='ltr'>th.</span> <span class='ocrx_word' id='word_1_75' title='bbox 699 852 734 886; x_wconf 91' lang='lat'>5.</span> <span class='ocrx_word' id='word_1_76' title='bbox 758 852 809 895; x_wconf 88' lang='lat' dir='ltr'>(v.</span> <span class='ocrx_word' id='word_1_77' title='bbox 820 864 852 898; x_wconf 80' lang='lat' dir='ltr'>g.</span> <span class='ocrx_word' id='word_1_78' title='bbox 876 851 966 886; x_wconf 75' lang='lat'>128.</span> <span class='ocrx_word' id='word_1_79' title='bbox 988 852 1032 886; x_wconf 85' lang='lat' dir='ltr'>de</span> <span class='ocrx_word' id='word_1_80' title='bbox 1057 851 1090 885; x_wconf 81' lang='lat'>7.</span> <span class='ocrx_word' id='word_1_81' title='bbox 1114 851 1182 885; x_wconf 79' lang='lat' dir='ltr'>dis-</span> 
     </span>
     <span class='ocr_line' id='line_1_13' title="bbox 205 909 1182 957; baseline -0.002 -12"><span class='ocrx_word' id='word_1_82' title='bbox 205 913 395 957; x_wconf 84' lang='lat' dir='ltr'>cerpantur</span> <span class='ocrx_word' id='word_1_83' title='bbox 424 911 462 945; x_wconf 89' lang='lat' dir='ltr'>in</span> <span class='ocrx_word' id='word_1_84' title='bbox 483 912 602 957; x_wconf 86' lang='lat' dir='ltr'>partes</span> <span class='ocrx_word' id='word_1_85' title='bbox 625 910 660 945; x_wconf 69' lang='grc' dir='ltr'>Β.</span> <span class='ocrx_word' id='word_1_86' title='bbox 672 909 780 953; x_wconf 84' lang='lat' dir='ltr'>juxta</span> <span class='ocrx_word' id='word_1_87' title='bbox 801 910 963 945; x_wconf 84' lang='lat' dir='ltr'>tabulam</span> <span class='ocrx_word' id='word_1_88' title='bbox 981 909 1006 944; x_wconf 92' lang='lat' dir='ltr'>I.</span> <span class='ocrx_word' id='word_1_89' title='bbox 1025 910 1057 944; x_wconf 92' lang='grc'>1.</span> <span class='ocrx_word' id='word_1_90' title='bbox 1070 909 1104 943; x_wconf 82' lang='lat'>7.</span> <span class='ocrx_word' id='word_1_91' title='bbox 1118 909 1182 943; x_wconf 85' lang='lat'>21.</span> 
     </span>
     <span class='ocr_line' id='line_1_14' title="bbox 209 969 1184 1014; baseline -0.003 -11"><span class='ocrx_word' id='word_1_92' title='bbox 209 970 274 1003; x_wconf 84' lang='grc'>35.</span> <span class='ocrx_word' id='word_1_93' title='bbox 294 970 359 1004; x_wconf 86' lang='lat'>35.</span> <span class='ocrx_word' id='word_1_94' title='bbox 380 969 444 1004; x_wconf 83' lang='lat'>21.</span> <span class='ocrx_word' id='word_1_95' title='bbox 468 969 502 1003; x_wconf 84' lang='lat'>7.</span> <span class='ocrx_word' id='word_1_96' title='bbox 524 969 577 1014; x_wconf 91' lang='lat' dir='ltr'>l.)</span> <span class='ocrx_word' id='word_1_97' title='bbox 599 969 657 1004; x_wconf 71' lang='lat' dir='ltr'>vel</span> <span class='ocrx_word' id='word_1_98' title='bbox 678 969 707 1003; x_wconf 90' lang='lat' dir='ltr'>si</span> <span class='ocrx_word' id='word_1_99' title='bbox 728 969 767 1003; x_wconf 92' lang='lat' dir='ltr'>in</span> <span class='ocrx_word' id='word_1_100' title='bbox 784 969 958 1014; x_wconf 79' lang='lat' dir='ltr'>imparem</span> <span class='ocrx_word' id='word_1_101' title='bbox 978 971 1184 1014; x_wconf 76' lang='lat' dir='ltr'>exponente</span> 
     </span>
     <span class='ocr_line' id='line_1_15' title="bbox 205 1026 1182 1075; baseline -0.002 -13"><span class='ocrx_word' id='word_1_102' title='bbox 205 1028 284 1075; x_wconf 87' lang='lat' dir='ltr'>pari</span> <span class='ocrx_word' id='word_1_103' title='bbox 304 1028 491 1074; x_wconf 86' lang='lat' dir='ltr'>existente,</span> <span class='ocrx_word' id='word_1_104' title='bbox 513 1028 551 1062; x_wconf 92' lang='lat' dir='ltr'>in</span> <span class='ocrx_word' id='word_1_105' title='bbox 573 1027 693 1063; x_wconf 85' lang='lat' dir='ltr'>medio</span> <span class='ocrx_word' id='word_1_106' title='bbox 720 1028 943 1073; x_wconf 77' lang='lat' dir='ltr'>relinquatur</span> <span class='ocrx_word' id='word_1_107' title='bbox 971 1037 1062 1061; x_wconf 86' lang='lat' dir='ltr'>unus</span> <span class='ocrx_word' id='word_1_108' title='bbox 1090 1026 1182 1061; x_wconf 88' lang='lat' dir='ltr'>nulli</span> 
     </span>
     <span class='ocr_line' id='line_1_16' title="bbox 205 1084 1183 1133; baseline -0.004 -12"><span class='ocrx_word' id='word_1_109' title='bbox 205 1087 486 1133; x_wconf 76' lang='lat' dir='ltr'>correspondens</span> <span class='ocrx_word' id='word_1_110' title='bbox 508 1085 559 1130; x_wconf 94' lang='lat' dir='ltr'>(v.</span> <span class='ocrx_word' id='word_1_111' title='bbox 581 1099 613 1129; x_wconf 80' lang='lat' dir='ltr'>g.</span> <span class='ocrx_word' id='word_1_112' title='bbox 638 1086 732 1120; x_wconf 81' lang='lat'>256.</span> <span class='ocrx_word' id='word_1_113' title='bbox 754 1086 798 1121; x_wconf 89' lang='lat' dir='ltr'>de</span> <span class='ocrx_word' id='word_1_114' title='bbox 822 1086 858 1120; x_wconf 77' lang='lat' dir='ltr'>S.</span> <span class='ocrx_word' id='word_1_115' title='bbox 880 1085 1125 1131; x_wconf 72' lang='lat' dir='ltr'>discerpantur</span> <span class='ocrx_word' id='word_1_116' title='bbox 1146 1084 1183 1118; x_wconf 92' lang='lat' dir='ltr'>in</span> 
     </span>
     <span class='ocr_line' id='line_1_17' title="bbox 206 1143 1181 1191; baseline -0.003 -12"><span class='ocrx_word' id='word_1_117' title='bbox 206 1148 325 1191; x_wconf 87' lang='lat' dir='ltr'>partes</span> <span class='ocrx_word' id='word_1_118' title='bbox 355 1146 392 1180; x_wconf 79' lang='lat'>9.</span> <span class='ocrx_word' id='word_1_119' title='bbox 417 1144 525 1188; x_wconf 81' lang='lat' dir='ltr'>juxta</span> <span class='ocrx_word' id='word_1_120' title='bbox 552 1145 642 1179; x_wconf 87' lang='lat' dir='ltr'>Tab.</span> <span class='ocrx_word' id='word_1_121' title='bbox 664 1145 691 1180; x_wconf 94' lang='lat' dir='ltr'>I.</span> <span class='ocrx_word' id='word_1_122' title='bbox 727 1145 761 1179; x_wconf 88' lang='lat'>1.</span> <span class='ocrx_word' id='word_1_123' title='bbox 786 1144 821 1178; x_wconf 76' lang='lat'>8.</span> <span class='ocrx_word' id='word_1_124' title='bbox 846 1143 910 1177; x_wconf 75' lang='lat'>28.</span> <span class='ocrx_word' id='word_1_125' title='bbox 936 1144 1000 1178; x_wconf 88' lang='lat'>56.</span> <span class='ocrx_word' id='word_1_126' title='bbox 1026 1143 1090 1176; x_wconf 81' lang='lat'>70.</span> <span class='ocrx_word' id='word_1_127' title='bbox 1116 1143 1181 1177; x_wconf 90' lang='lat'>56.</span> 
     </span>
     <span class='ocr_line' id='line_1_18' title="bbox 208 1201 1184 1249; baseline -0.003 -11"><span class='ocrx_word' id='word_1_128' title='bbox 208 1204 274 1238; x_wconf 69' lang='lat'>28.</span> <span class='ocrx_word' id='word_1_129' title='bbox 298 1203 333 1238; x_wconf 73' lang='lat' dir='ltr'>S.</span> <span class='ocrx_word' id='word_1_130' title='bbox 362 1204 415 1248; x_wconf 87' lang='grc'>1.)</span> <span class='ocrx_word' id='word_1_131' title='bbox 464 1204 571 1238; x_wconf 69' lang='lat' dir='ltr'>Putet</span> <span class='ocrx_word' id='word_1_132' title='bbox 599 1203 709 1249; x_wconf 84' lang='lat' dir='ltr'>igitur</span> <span class='ocrx_word' id='word_1_133' title='bbox 736 1202 865 1248; x_wconf 87' lang='lat' dir='ltr'>aliquis</span> <span class='ocrx_word' id='word_1_134' title='bbox 894 1212 940 1236; x_wconf 86' lang='lat' dir='ltr'>ex</span> <span class='ocrx_word' id='word_1_135' title='bbox 968 1212 1011 1236; x_wconf 89' lang='lat' dir='ltr'>eo</span> <span class='ocrx_word' id='word_1_136' title='bbox 1033 1201 1184 1236; x_wconf 87' lang='lat' dir='ltr'>manife-</span> 
     </span>
     <span class='ocr_line' id='line_1_19' title="bbox 205 1260 1182 1306; baseline -0.003 -9"><span class='ocrx_word' id='word_1_137' title='bbox 205 1265 302 1297; x_wconf 86' lang='lat' dir='ltr'>stum</span> <span class='ocrx_word' id='word_1_138' title='bbox 329 1274 406 1297; x_wconf 86' lang='lat' dir='ltr'>esse</span> <span class='ocrx_word' id='word_1_139' title='bbox 433 1272 568 1297; x_wconf 81' lang='lat' dir='ltr'>novum</span> <span class='ocrx_word' id='word_1_140' title='bbox 589 1261 755 1306; x_wconf 85' lang='lat' dir='ltr'>modum,</span> <span class='ocrx_word' id='word_1_141' title='bbox 785 1271 937 1305; x_wconf 88' lang='lat' dir='ltr'>eumque</span> <span class='ocrx_word' id='word_1_142' title='bbox 965 1260 1182 1306; x_wconf 85' lang='lat' dir='ltr'>absolutum,</span> 
     </span>
     <span class='ocr_line' id='line_1_20' title="bbox 205 1318 1183 1366; baseline -0.002 -11"><span class='ocrx_word' id='word_1_143' title='bbox 205 1320 369 1355; x_wconf 76' lang='lat' dir='ltr'>solvendi</span> <span class='ocrx_word' id='word_1_144' title='bbox 384 1320 500 1366; x_wconf 90' lang='lat' dir='ltr'>probl.</span> <span class='ocrx_word' id='word_1_145' title='bbox 524 1321 555 1354; x_wconf 88' lang='grc'>1.</span> <span class='ocrx_word' id='word_1_146' title='bbox 573 1330 633 1354; x_wconf 86' lang='lat' dir='ltr'>scu</span> <span class='ocrx_word' id='word_1_147' title='bbox 650 1320 735 1354; x_wconf 85' lang='lat' dir='ltr'>dato</span> <span class='ocrx_word' id='word_1_148' title='bbox 752 1322 957 1365; x_wconf 84' lang='lat' dir='ltr'>exponente.</span> <span class='ocrx_word' id='word_1_149' title='bbox 973 1318 1183 1354; x_wconf 85' lang='lat' dir='ltr'>inveniendi</span> 
     </span>
     <span class='ocr_line' id='line_1_21' title="bbox 205 1377 1184 1424; baseline -0.001 -11"><span class='ocrx_word' id='word_1_150' title='bbox 205 1389 395 1414; x_wconf 81' lang='lat' dir='ltr'>numerum</span> <span class='ocrx_word' id='word_1_151' title='bbox 414 1378 718 1424; x_wconf 73' lang='lat' dir='ltr'>complexionum,</span> <span class='ocrx_word' id='word_1_152' title='bbox 740 1378 769 1412; x_wconf 88' lang='lat' dir='ltr'>si</span> <span class='ocrx_word' id='word_1_153' title='bbox 791 1377 962 1413; x_wconf 86' lang='lat' dir='ltr'>nimirum</span> <span class='ocrx_word' id='word_1_154' title='bbox 990 1388 1058 1424; x_wconf 84' lang='lat' dir='ltr'>ope</span> <span class='ocrx_word' id='word_1_155' title='bbox 1078 1378 1184 1422; x_wconf 85' lang='lat' dir='ltr'>Alge-</span> 
     </span>
     <span class='ocr_line' id='line_1_22' title="bbox 206 1436 1183 1483; baseline 0 -13"><span class='ocrx_word' id='word_1_156' title='bbox 206 1438 291 1472; x_wconf 84' lang='lat' dir='ltr'>brae</span> <span class='ocrx_word' id='word_1_157' title='bbox 319 1437 521 1471; x_wconf 81' lang='lat' dir='ltr'>inveniatur</span> <span class='ocrx_word' id='word_1_158' title='bbox 555 1437 747 1483; x_wconf 88' lang='lat' dir='ltr'>discerptio</span> <span class='ocrx_word' id='word_1_159' title='bbox 775 1436 1070 1483; x_wconf 77' lang='lat' dir='ltr'>complexionum</span> <span class='ocrx_word' id='word_1_160' title='bbox 1100 1436 1183 1471; x_wconf 90' lang='lat' dir='ltr'>sim-</span> 
     </span>
     <span class='ocr_line' id='line_1_23' title="bbox 205 1494 1185 1542; baseline 0 -13"><span class='ocrx_word' id='word_1_161' title='bbox 205 1496 343 1542; x_wconf 88' lang='lat' dir='ltr'>pliciter</span> <span class='ocrx_word' id='word_1_162' title='bbox 372 1506 434 1530; x_wconf 87' lang='lat' dir='ltr'>seu</span> <span class='ocrx_word' id='word_1_163' title='bbox 463 1495 611 1530; x_wconf 84' lang='lat' dir='ltr'>termini</span> <span class='ocrx_word' id='word_1_164' title='bbox 639 1506 757 1542; x_wconf 88' lang='lat' dir='ltr'>progr.</span> <span class='ocrx_word' id='word_1_165' title='bbox 778 1505 894 1541; x_wconf 87' lang='lat' dir='ltr'>geom.</span> <span class='ocrx_word' id='word_1_166' title='bbox 924 1495 1053 1541; x_wconf 78' lang='lat' dir='ltr'>duplae</span> <span class='ocrx_word' id='word_1_167' title='bbox 1076 1494 1185 1537; x_wconf 84' lang='lat' dir='ltr'>juxta</span> 
     </span>
     <span class='ocr_line' id='line_1_24' title="bbox 205 1553 1185 1589; baseline -0.001 -1"><span class='ocrx_word' id='word_1_168' title='bbox 205 1555 353 1589; x_wconf 91' lang='lat' dir='ltr'>modum</span> <span class='ocrx_word' id='word_1_169' title='bbox 375 1554 510 1588; x_wconf 87' lang='lat' dir='ltr'>datum.</span> <span class='ocrx_word' id='word_1_170' title='bbox 552 1554 684 1588; x_wconf 88' lang='lat' dir='ltr'>Verum</span> <span class='ocrx_word' id='word_1_171' title='bbox 706 1564 780 1588; x_wconf 90' lang='lat' dir='ltr'>non</span> <span class='ocrx_word' id='word_1_172' title='bbox 801 1557 885 1588; x_wconf 76' lang='lat' dir='ltr'>sunt</span> <span class='ocrx_word' id='word_1_173' title='bbox 905 1553 989 1588; x_wconf 81' lang='lat' dir='ltr'>data</span> <span class='ocrx_word' id='word_1_174' title='bbox 1009 1554 1185 1588; x_wconf 78' lang='lat' dir='ltr'>sufficien-</span> 
     </span>
     <span class='ocr_line' id='line_1_25' title="bbox 205 1612 1185 1659; baseline -0.001 -12"><span class='ocrx_word' id='word_1_175' title='bbox 205 1613 267 1657; x_wconf 76' lang='lat' dir='ltr'>tia,</span> <span class='ocrx_word' id='word_1_176' title='bbox 290 1616 326 1648; x_wconf 86' lang='lat' dir='ltr'>et</span> <span class='ocrx_word' id='word_1_177' title='bbox 346 1612 442 1647; x_wconf 86' lang='lat' dir='ltr'>idem</span> <span class='ocrx_word' id='word_1_178' title='bbox 464 1623 633 1647; x_wconf 88' lang='lat' dir='ltr'>numerus</span> <span class='ocrx_word' id='word_1_179' title='bbox 653 1612 691 1646; x_wconf 93' lang='lat' dir='ltr'>in</span> <span class='ocrx_word' id='word_1_180' title='bbox 712 1612 801 1647; x_wconf 86' lang='lat' dir='ltr'>alias</span> <span class='ocrx_word' id='word_1_181' title='bbox 829 1615 935 1658; x_wconf 86' lang='lat' dir='ltr'>atque</span> <span class='ocrx_word' id='word_1_182' title='bbox 955 1612 1045 1647; x_wconf 80' lang='lat' dir='ltr'>alias</span> <span class='ocrx_word' id='word_1_183' title='bbox 1066 1616 1185 1659; x_wconf 84' lang='lat' dir='ltr'>partes</span> 
     </span>
     <span class='ocr_line' id='line_1_26' title="bbox 205 1671 935 1718; baseline -0.003 -12"><span class='ocrx_word' id='word_1_184' title='bbox 205 1671 330 1706; x_wconf 79' lang='lat' dir='ltr'>eadem</span> <span class='ocrx_word' id='word_1_185' title='bbox 353 1674 473 1706; x_wconf 86' lang='lat' dir='ltr'>tamen</span> <span class='ocrx_word' id='word_1_186' title='bbox 496 1673 613 1706; x_wconf 85' lang='lat' dir='ltr'>forma</span> <span class='ocrx_word' id='word_1_187' title='bbox 634 1671 785 1718; x_wconf 80' lang='lat' dir='ltr'>discerpi</span> <span class='ocrx_word' id='word_1_188' title='bbox 806 1674 935 1718; x_wconf 86' lang='lat' dir='ltr'>potest.</span> 
     </span>
    </p>
   </div>
   <div class='ocr_carea' id='block_1_3' title="bbox 429 1766 968 1810">
    <p class='ocr_par' dir='ltr' id='par_1_4' title="bbox 429 1766 968 1810">
     <span class='ocr_line' id='line_1_27' title="bbox 429 1766 968 1810; baseline 0.002 -1"><span class='ocrx_word' id='word_1_189' title='bbox 429 1766 579 1810; x_wconf 83' lang='lat' dir='ltr'>-USUS</span> <span class='ocrx_word' id='word_1_190' title='bbox 605 1767 784 1809; x_wconf 76' lang='lat' dir='ltr'>Pnom..</span> <span class='ocrx_word' id='word_1_191' title='bbox 807 1767 835 1809; x_wconf 92' lang='lat' dir='ltr'>l.</span> <span class='ocrx_word' id='word_1_192' title='bbox 860 1775 901 1810; x_wconf 84' lang='lat' dir='ltr'>et</span> <span class='ocrx_word' id='word_1_193' title='bbox 922 1767 968 1810; x_wconf 90' lang='grc'>11.</span> 
     </span>
    </p>
   </div>
   <div class='ocr_carea' id='block_1_4' title="bbox 149 1845 1189 2885">
    <p class='ocr_par' dir='ltr' id='par_1_5' title="bbox 149 1845 1189 2885">
     <span class='ocr_line' id='line_1_28' title="bbox 265 1845 1181 1892; baseline -0.001 -12"><span class='ocrx_word' id='word_1_194' title='bbox 265 1845 355 1880; x_wconf 86' lang='lat' dir='ltr'>Cum</span> <span class='ocrx_word' id='word_1_195' title='bbox 383 1845 508 1880; x_wconf 83' lang='lat' dir='ltr'>omnia</span> <span class='ocrx_word' id='word_1_196' title='bbox 536 1855 626 1891; x_wconf 82' lang='lat' dir='ltr'>quae</span> <span class='ocrx_word' id='word_1_197' title='bbox 651 1848 735 1880; x_wconf 88' lang='lat' dir='ltr'>sunt</span> <span class='ocrx_word' id='word_1_198' title='bbox 761 1849 823 1880; x_wconf 84' lang='lat' dir='ltr'>aut</span> <span class='ocrx_word' id='word_1_199' title='bbox 849 1845 999 1891; x_wconf 79' lang='lat' dir='ltr'>cogitari</span> <span class='ocrx_word' id='word_1_200' title='bbox 1022 1849 1181 1892; x_wconf 78' lang='lat' dir='ltr'>possunt,</span> 
     </span>
     <span class='ocr_line' id='line_1_29' title="bbox 208 1904 1185 1951; baseline 0 -12"><span class='ocrx_word' id='word_1_201' title='bbox 208 1906 279 1939; x_wconf 83' lang='lat' dir='ltr'>sere</span> <span class='ocrx_word' id='word_1_202' title='bbox 307 1906 569 1950; x_wconf 81' lang='lat' dir='ltr'>componantur</span> <span class='ocrx_word' id='word_1_203' title='bbox 589 1916 635 1939; x_wconf 89' lang='lat' dir='ltr'>ex</span> <span class='ocrx_word' id='word_1_204' title='bbox 664 1904 828 1951; x_wconf 81' lang='lat' dir='ltr'>partibus</span> <span class='ocrx_word' id='word_1_205' title='bbox 856 1907 918 1939; x_wconf 84' lang='lat' dir='ltr'>aut</span> <span class='ocrx_word' id='word_1_206' title='bbox 944 1904 1101 1940; x_wconf 84' lang='lat' dir='ltr'>realibus</span> <span class='ocrx_word' id='word_1_207' title='bbox 1122 1907 1185 1939; x_wconf 81' lang='lat' dir='ltr'>aut</span> 
     </span>
     <span class='ocr_line' id='line_1_30' title="bbox 209 1963 1184 2009; baseline 0.001 -12"><span class='ocrx_word' id='word_1_208' title='bbox 209 1963 336 1997; x_wconf 81' lang='lat' dir='ltr'>saltem</span> <span class='ocrx_word' id='word_1_209' title='bbox 364 1963 665 2009; x_wconf 82' lang='lat' dir='ltr'>eoneeptualibus,</span> <span class='ocrx_word' id='word_1_210' title='bbox 696 1974 839 1998; x_wconf 80' lang='lat' dir='ltr'>neeesse</span> <span class='ocrx_word' id='word_1_211' title='bbox 866 1966 921 1998; x_wconf 85' lang='lat' dir='ltr'>est</span> <span class='ocrx_word' id='word_1_212' title='bbox 949 1974 1039 2009; x_wconf 85' lang='lat' dir='ltr'>quae</span> <span class='ocrx_word' id='word_1_213' title='bbox 1067 1964 1184 2009; x_wconf 82' lang='lat' dir='ltr'>specie</span> 
     </span>
     <span class='ocr_line' id='line_1_31' title="bbox 206 2021 1184 2068; baseline -0.001 -12"><span class='ocrx_word' id='word_1_214' title='bbox 206 2021 377 2056; x_wconf 68' lang='lat' dir='ltr'>diiii-runt</span> <span class='ocrx_word' id='word_1_215' title='bbox 403 2025 466 2056; x_wconf 84' lang='lat' dir='ltr'>aut</span> <span class='ocrx_word' id='word_1_216' title='bbox 485 2032 529 2056; x_wconf 86' lang='lat' dir='ltr'>eo</span> <span class='ocrx_word' id='word_1_217' title='bbox 551 2021 705 2068; x_wconf 65' lang='lat' dir='ltr'>differre,</span> <span class='ocrx_word' id='word_1_218' title='bbox 734 2022 830 2067; x_wconf 88' lang='lat' dir='ltr'>quod</span> <span class='ocrx_word' id='word_1_219' title='bbox 860 2021 949 2056; x_wconf 81' lang='lat' dir='ltr'>alias</span> <span class='ocrx_word' id='word_1_220' title='bbox 978 2025 1097 2068; x_wconf 85' lang='lat' dir='ltr'>partes</span> <span class='ocrx_word' id='word_1_221' title='bbox 1124 2022 1184 2056; x_wconf 86' lang='lat' dir='ltr'>ha-</span> 
     </span>
     <span class='ocr_line' id='line_1_32' title="bbox 208 2080 1184 2126; baseline 0 -12"><span class='ocrx_word' id='word_1_222' title='bbox 208 2080 304 2125; x_wconf 84' lang='lat' dir='ltr'>bent,</span> <span class='ocrx_word' id='word_1_223' title='bbox 316 2082 349 2114; x_wconf 90' lang='lat' dir='ltr'>et</span> <span class='ocrx_word' id='word_1_224' title='bbox 360 2080 414 2114; x_wconf 81' lang='lat' dir='ltr'>liic.</span> <span class='ocrx_word' id='word_1_225' title='bbox 431 2092 449 2115; x_wconf 80' lang='lat' dir='ltr'>e</span> <span class='ocrx_word' id='word_1_226' title='bbox 460 2090 525 2114; x_wconf 86' lang='lat' dir='ltr'>om</span> <span class='ocrx_word' id='word_1_227' title='bbox 537 2080 726 2126; x_wconf 87' lang='lat' dir='ltr'>plexion</span> <span class='ocrx_word' id='word_1_228' title='bbox 734 2091 756 2114; x_wconf 90' lang='lat' dir='ltr'>u</span> <span class='ocrx_word' id='word_1_229' title='bbox 770 2092 804 2114; x_wconf 81' lang='lat' dir='ltr'>ni</span> <span class='ocrx_word' id='word_1_230' title='bbox 824 2091 917 2125; x_wconf 84' lang='lat' dir='ltr'>usus,</span> <span class='ocrx_word' id='word_1_231' title='bbox 934 2081 991 2115; x_wconf 80' lang='lat' dir='ltr'>vel</span> <span class='ocrx_word' id='word_1_232' title='bbox 1001 2080 1096 2126; x_wconf 87' lang='lat' dir='ltr'>quod</span> <span class='ocrx_word' id='word_1_233' title='bbox 1110 2080 1184 2115; x_wconf 90' lang='lat' dir='ltr'>alio</span> 
     </span>
     <span class='ocr_line' id='line_1_33' title="bbox 207 2138 1185 2184; baseline 0.001 -12"><span class='ocrx_word' id='word_1_234' title='bbox 207 2138 286 2183; x_wconf 87' lang='lat' dir='ltr'>situ,</span> <span class='ocrx_word' id='word_1_235' title='bbox 297 2138 351 2172; x_wconf 79' lang='lat' dir='ltr'>liic</span> <span class='ocrx_word' id='word_1_236' title='bbox 362 2139 394 2172; x_wconf 81' lang='lat' dir='ltr'>D</span> <span class='ocrx_word' id='word_1_237' title='bbox 405 2139 414 2172; x_wconf 95' lang='lat' dir='ltr'>i</span> <span class='ocrx_word' id='word_1_238' title='bbox 425 2149 503 2184; x_wconf 85' lang='lat' dir='ltr'>spo</span> <span class='ocrx_word' id='word_1_239' title='bbox 513 2138 570 2173; x_wconf 85' lang='lat' dir='ltr'>sit</span> <span class='ocrx_word' id='word_1_240' title='bbox 582 2139 656 2173; x_wconf 88' lang='lat' dir='ltr'>ion</span> <span class='ocrx_word' id='word_1_241' title='bbox 667 2149 689 2173; x_wconf 89' lang='lat' dir='ltr'>u</span> <span class='ocrx_word' id='word_1_242' title='bbox 700 2149 735 2173; x_wconf 89' lang='lat' dir='ltr'>m</span> <span class='ocrx_word' id='word_1_243' title='bbox 746 2151 755 2183; x_wconf 61' lang='grc' dir='ltr'><strong>ς</strong></span> <span class='ocrx_word' id='word_1_244' title='bbox 774 2139 847 2173; x_wconf 91' lang='lat' dir='ltr'>illic</span> <span class='ocrx_word' id='word_1_245' title='bbox 856 2138 1037 2184; x_wconf 83' lang='lat' dir='ltr'>materiae,</span> <span class='ocrx_word' id='word_1_246' title='bbox 1048 2139 1103 2174; x_wconf 84' lang='lat' dir='ltr'>hie</span> <span class='ocrx_word' id='word_1_247' title='bbox 1114 2141 1185 2174; x_wconf 87' lang='lat' dir='ltr'>for-</span> 
     </span>
     <span class='ocr_line' id='line_1_34' title="bbox 207 2197 1183 2244; baseline 0.001 -13"><span class='ocrx_word' id='word_1_248' title='bbox 207 2207 287 2231; x_wconf 88' lang='lat' dir='ltr'>mae</span> <span class='ocrx_word' id='word_1_249' title='bbox 308 2197 511 2231; x_wconf 67' lang='lat' dir='ltr'>diwrsitate</span> <span class='ocrx_word' id='word_1_250' title='bbox 531 2201 729 2232; x_wconf 53' lang='lat' dir='ltr'>cenwntur.</span> <span class='ocrx_word' id='word_1_251' title='bbox 778 2198 856 2232; x_wconf 90' lang='lat' dir='ltr'>Imo</span> <span class='ocrx_word' id='word_1_252' title='bbox 878 2198 1183 2244; x_wconf 81' lang='lat' dir='ltr'>Complexionuin</span> 
     </span>
     <span class='ocr_line' id='line_1_35' title="bbox 207 2256 1183 2302; baseline 0.001 -13"><span class='ocrx_word' id='word_1_253' title='bbox 207 2266 275 2301; x_wconf 88' lang='lat' dir='ltr'>ope</span> <span class='ocrx_word' id='word_1_254' title='bbox 296 2266 369 2289; x_wconf 87' lang='lat' dir='ltr'>non</span> <span class='ocrx_word' id='word_1_255' title='bbox 390 2256 506 2290; x_wconf 80' lang='lat' dir='ltr'>solum</span> <span class='ocrx_word' id='word_1_256' title='bbox 534 2256 667 2302; x_wconf 77' lang='lat' dir='ltr'>species</span> <span class='ocrx_word' id='word_1_257' title='bbox 695 2267 826 2301; x_wconf 80' lang='lat' dir='ltr'>reruni,</span> <span class='ocrx_word' id='word_1_258' title='bbox 855 2256 917 2290; x_wconf 87' lang='lat' dir='ltr'>sed</span> <span class='ocrx_word' id='word_1_259' title='bbox 945 2259 980 2290; x_wconf 86' lang='lat' dir='ltr'>et</span> <span class='ocrx_word' id='word_1_260' title='bbox 1008 2257 1183 2291; x_wconf 86' lang='lat' dir='ltr'>attributa</span> 
     </span>
     <span class='ocr_line' id='line_1_36' title="bbox 210 2313 1186 2360; baseline 0.002 -13"><span class='ocrx_word' id='word_1_261' title='bbox 210 2313 448 2348; x_wconf 65' lang='lat' dir='ltr'>inveniuntur.</span> <span class='ocrx_word' id='word_1_262' title='bbox 496 2313 545 2348; x_wconf 80' lang='lat' dir='ltr'>Ut</span> <span class='ocrx_word' id='word_1_263' title='bbox 572 2314 622 2348; x_wconf 82' lang='lat' dir='ltr'>ita</span> <span class='ocrx_word' id='word_1_264' title='bbox 644 2317 720 2349; x_wconf 88' lang='lat' dir='ltr'>tota</span> <span class='ocrx_word' id='word_1_265' title='bbox 751 2314 1012 2360; x_wconf 87' lang='lat' dir='ltr'>propemodum</span> <span class='ocrx_word' id='word_1_266' title='bbox 1032 2315 1186 2357; x_wconf 86' lang='lat' dir='ltr'>Logicae</span> 
     </span>
     <span class='ocr_line' id='line_1_37' title="bbox 208 2371 1184 2418; baseline 0.003 -14"><span class='ocrx_word' id='word_1_267' title='bbox 208 2382 290 2417; x_wconf 84' lang='lat' dir='ltr'>pars</span> <span class='ocrx_word' id='word_1_268' title='bbox 312 2371 526 2405; x_wconf 57' lang='lat' dir='ltr'>inventii*</span> <span class='ocrx_word' id='word_1_269' title='bbox 537 2383 557 2406; x_wconf 86' lang='lat' dir='ltr'>a</span> <span class='ocrx_word' id='word_1_270' title='bbox 585 2372 659 2407; x_wconf 85' lang='lat' dir='ltr'>illie</span> <span class='ocrx_word' id='word_1_271' title='bbox 687 2373 780 2407; x_wconf 84' lang='lat' dir='ltr'>circa</span> <span class='ocrx_word' id='word_1_272' title='bbox 801 2373 974 2407; x_wconf 89' lang='lat' dir='ltr'>terminos</span> <span class='ocrx_word' id='word_1_273' title='bbox 995 2373 1184 2418; x_wconf 71' lang='lat' dir='ltr'>simplices,</span> 
     </span>
     <span class='ocr_line' id='line_1_38' title="bbox 209 2430 1185 2477; baseline 0.002 -14"><span class='ocrx_word' id='word_1_274' title='bbox 209 2430 264 2464; x_wconf 83' lang='lat' dir='ltr'>liic</span> <span class='ocrx_word' id='word_1_275' title='bbox 282 2430 374 2463; x_wconf 82' lang='lat' dir='ltr'>cirea</span> <span class='ocrx_word' id='word_1_276' title='bbox 390 2430 597 2475; x_wconf 74' lang='lat' dir='ltr'>complexos</span> <span class='ocrx_word' id='word_1_277' title='bbox 616 2432 780 2465; x_wconf 87' lang='lat' dir='ltr'>fundetur</span> <span class='ocrx_word' id='word_1_278' title='bbox 798 2431 835 2464; x_wconf 92' lang='lat' dir='ltr'>in</span> <span class='ocrx_word' id='word_1_279' title='bbox 851 2431 1185 2477; x_wconf 65' lang='lat' dir='ltr'>‹·‹2›1111·›lexi011i1›us3</span> 
     </span>
     <span class='ocr_line' id='line_1_39' title="bbox 211 2488 1187 2524; baseline 0.001 -2"><span class='ocrx_word' id='word_1_280' title='bbox 211 2498 284 2522; x_wconf 86' lang='lat' dir='ltr'>uno</span> <span class='ocrx_word' id='word_1_281' title='bbox 302 2488 412 2522; x_wconf 73' lang='lat' dir='ltr'>verbo</span> <span class='ocrx_word' id='word_1_282' title='bbox 428 2492 463 2523; x_wconf 89' lang='lat' dir='ltr'>ct</span> <span class='ocrx_word' id='word_1_283' title='bbox 480 2488 642 2523; x_wconf 72' lang='lat' dir='ltr'>doctrina</span> <span class='ocrx_word' id='word_1_284' title='bbox 659 2489 947 2524; x_wconf 68' lang='lat' dir='ltr'>divisionum</span> <span class='ocrx_word' id='word_1_285' title='bbox 972 2492 1008 2523; x_wconf 84' lang='lat' dir='ltr'>ct</span> <span class='ocrx_word' id='word_1_286' title='bbox 1025 2490 1187 2523; x_wconf 83' lang='lat' dir='ltr'>doctrina</span> 
     </span>
     <span class='ocr_line' id='line_1_40' title="bbox 211 2547 1187 2594; baseline 0.001 -14"><span class='ocrx_word' id='word_1_287' title='bbox 211 2558 288 2592; x_wconf 85' lang='lat' dir='ltr'>pro</span> <span class='ocrx_word' id='word_1_288' title='bbox 299 2547 397 2592; x_wconf 78' lang='lat' dir='ltr'>posi</span> <span class='ocrx_word' id='word_1_289' title='bbox 411 2549 422 2580; x_wconf 90' lang='lat' dir='ltr'>t</span> <span class='ocrx_word' id='word_1_290' title='bbox 434 2547 443 2580; x_wconf 93' lang='lat' dir='ltr'>i</span> <span class='ocrx_word' id='word_1_291' title='bbox 454 2557 594 2580; x_wconf 90' lang='lat' dir='ltr'>onum.</span> <span class='ocrx_word' id='word_1_292' title='bbox 617 2548 665 2582; x_wconf 90' lang='lat' dir='ltr'>Ut</span> <span class='ocrx_word' id='word_1_293' title='bbox 675 2550 809 2582; x_wconf 84' lang='lat' dir='ltr'>taceam</span> <span class='ocrx_word' id='word_1_294' title='bbox 819 2551 1038 2593; x_wconf 73' lang='lat' dir='ltr'>‹plantopere</span> <span class='ocrx_word' id='word_1_295' title='bbox 1049 2551 1187 2594; x_wconf 89' lang='lat' dir='ltr'>partem</span> 
     </span>
     <span class='ocr_line' id='line_1_41' title="bbox 214 2604 1187 2651; baseline 0.002 -13"><span class='ocrx_word' id='word_1_296' title='bbox 214 2605 341 2647; x_wconf 71' lang='lat' dir='ltr'>logices</span> <span class='ocrx_word' id='word_1_297' title='bbox 363 2604 603 2651; x_wconf 65' lang='lat' dir='ltr'>Analyticam,</span> <span class='ocrx_word' id='word_1_298' title='bbox 627 2617 687 2640; x_wconf 77' lang='lat' dir='ltr'>seu</span> <span class='ocrx_word' id='word_1_299' title='bbox 704 2606 830 2649; x_wconf 70' lang='lat' dir='ltr'>judicii</span> <span class='ocrx_word' id='word_1_300' title='bbox 852 2606 1016 2648; x_wconf 87' lang='lat' dir='ltr'>diligenti</span> <span class='ocrx_word' id='word_1_301' title='bbox 1047 2606 1090 2640; x_wconf 84' lang='lat' dir='ltr'>de</span> <span class='ocrx_word' id='word_1_302' title='bbox 1112 2617 1187 2640; x_wconf 89' lang='lat' dir='ltr'>mo-</span> 
     </span>
     <span class='ocr_line' id='line_1_42' title="bbox 212 2663 1189 2711; baseline 0.004 -16"><span class='ocrx_word' id='word_1_303' title='bbox 212 2663 266 2697; x_wconf 83' lang='lat' dir='ltr'>dis</span> <span class='ocrx_word' id='word_1_304' title='bbox 287 2663 511 2706; x_wconf 60' lang='lat' dir='ltr'>syllogisticis</span> <span class='ocrx_word' id='word_1_305' title='bbox 531 2665 746 2699; x_wconf 61' lang='lat' dir='ltr'>s‹‘¹rutatione</span> <span class='ocrx_word' id='word_1_306' title='bbox 767 2665 935 2711; x_wconf 85' lang='lat' dir='ltr'>exemplo</span> <span class='ocrx_word' id='word_1_307' title='bbox 953 2666 989 2698; x_wconf 92' lang='lat'>6.</span> <span class='ocrx_word' id='word_1_308' title='bbox 1012 2665 1189 2699; x_wconf 82' lang='lat' dir='ltr'>illustrare</span> 
     </span>
     <span class='ocr_line' id='line_1_43' title="bbox 149 2722 1188 2769; baseline 0.002 -14"><span class='ocrx_word' id='word_1_309' title='bbox 149 2727 193 2762; x_wconf 86' lang='lat'>11</span> <span class='ocrx_word' id='word_1_310' title='bbox 212 2732 402 2767; x_wconf 79' lang='lat' dir='ltr'>speremus.</span> <span class='ocrx_word' id='word_1_311' title='bbox 443 2722 483 2756; x_wconf 88' lang='lat' dir='ltr'>ln</span> <span class='ocrx_word' id='word_1_312' title='bbox 505 2722 744 2757; x_wconf 68' lang='lat' dir='ltr'>divisicmibus</span> <span class='ocrx_word' id='word_1_313' title='bbox 767 2724 896 2769; x_wconf 79' lang='lat' dir='ltr'>triplex</span> <span class='ocrx_word' id='word_1_314' title='bbox 918 2734 1000 2757; x_wconf 86' lang='lat' dir='ltr'>usus</span> <span class='ocrx_word' id='word_1_315' title='bbox 1020 2726 1072 2757; x_wconf 86' lang='lat' dir='ltr'>est.</span> <span class='ocrx_word' id='word_1_316' title='bbox 1092 2734 1188 2758; x_wconf 90' lang='lat' dir='ltr'>com-</span> 
     </span>
     <span class='ocr_line' id='line_1_44' title="bbox 213 2780 1189 2826; baseline 0.003 -13"><span class='ocrx_word' id='word_1_317' title='bbox 213 2780 435 2826; x_wconf 90' lang='lat' dir='ltr'>plexionum,</span> <span class='ocrx_word' id='word_1_318' title='bbox 468 2781 495 2814; x_wconf 92' lang='lat' dir='ltr'>l.</span> <span class='ocrx_word' id='word_1_319' title='bbox 518 2780 603 2815; x_wconf 86' lang='lat' dir='ltr'>dato</span> <span class='ocrx_word' id='word_1_320' title='bbox 626 2783 857 2816; x_wconf 81' lang='lat' dir='ltr'>fundamento</span> <span class='ocrx_word' id='word_1_321' title='bbox 879 2782 982 2816; x_wconf 89' lang='lat' dir='ltr'>unius</span> <span class='ocrx_word' id='word_1_322' title='bbox 1002 2782 1189 2816; x_wconf 81' lang='lat' dir='ltr'>divisionis</span> 
     </span>
     <span class='ocr_line' id='line_1_45' title="bbox 215 2839 1189 2885; baseline 0.003 -13"><span class='ocrx_word' id='word_1_323' title='bbox 215 2839 418 2872; x_wconf 83' lang='lat' dir='ltr'>inveniendi</span> <span class='ocrx_word' id='word_1_324' title='bbox 442 2839 575 2885; x_wconf 75' lang='lat' dir='ltr'>speeies</span> <span class='ocrx_word' id='word_1_325' title='bbox 603 2839 699 2885; x_wconf 73' lang='lat' dir='ltr'>eius3</span> <span class='ocrx_word' id='word_1_326' title='bbox 737 2840 772 2874; x_wconf 84' lang='lat'>2.</span> <span class='ocrx_word' id='word_1_327' title='bbox 795 2840 888 2874; x_wconf 84' lang='lat' dir='ltr'>datis</span> <span class='ocrx_word' id='word_1_328' title='bbox 917 2841 1077 2885; x_wconf 87' lang='lat' dir='ltr'>pluribus</span> <span class='ocrx_word' id='word_1_329' title='bbox 1099 2841 1189 2875; x_wconf 65' lang='lat' dir='ltr'>divi-</span> 
     </span>
    </p>
   </div>
   <div class='ocr_carea' id='block_1_5' title="bbox 143 1851 192 1886">
    <p class='ocr_par' dir='ltr' id='par_1_6' title="bbox 143 1851 192 1886">
     <span class='ocr_line' id='line_1_46' title="bbox 143 1851 192 1886; baseline -0.02 0"><span class='ocrx_word' id='word_1_330' title='bbox 143 1851 192 1886; x_wconf 89' lang='lat'>10</span> 
     </span>
    </p>
   </div>
   <div class='ocr_carea' id='block_1_6' title="bbox 210 2897 1190 3177">
    <p class='ocr_par' dir='ltr' id='par_1_7' title="bbox 210 2897 1190 3177">
     <span class='ocr_line' id='line_1_47' title="bbox 210 2897 1188 2945; baseline 0.002 -14"><span class='ocrx_word' id='word_1_331' title='bbox 210 2897 374 2931; x_wconf 81' lang='lat' dir='ltr'>sionibus</span> <span class='ocrx_word' id='word_1_332' title='bbox 394 2897 437 2930; x_wconf 83' lang='lat' dir='ltr'>de</span> <span class='ocrx_word' id='word_1_333' title='bbox 457 2898 584 2931; x_wconf 64' lang='lat' dir='ltr'>etalem</span> <span class='ocrx_word' id='word_1_334' title='bbox 605 2910 743 2943; x_wconf 77' lang='lat' dir='ltr'>genere,</span> <span class='ocrx_word' id='word_1_335' title='bbox 763 2899 967 2932; x_wconf 80' lang='lat' dir='ltr'>inveniendi</span> <span class='ocrx_word' id='word_1_336' title='bbox 989 2900 1122 2945; x_wconf 77' lang='lat' dir='ltr'>species</span> <span class='ocrx_word' id='word_1_337' title='bbox 1143 2910 1188 2933; x_wconf 82' lang='lat' dir='ltr'>ex</span> 
     </span>
     <span class='ocr_line' id='line_1_48' title="bbox 213 2956 1189 3001; baseline 0.004 -14"><span class='ocrx_word' id='word_1_338' title='bbox 213 2956 361 2990; x_wconf 74' lang='lat' dir='ltr'>«liversis</span> <span class='ocrx_word' id='word_1_339' title='bbox 382 2956 619 2990; x_wconf 65' lang='lat' dir='ltr'>divisionibus</span> <span class='ocrx_word' id='word_1_340' title='bbox 640 2957 785 3001; x_wconf 80' lang='lat' dir='ltr'>mixtas,</span> <span class='ocrx_word' id='word_1_341' title='bbox 815 2957 909 3001; x_wconf 89' lang='lat' dir='ltr'>quod</span> <span class='ocrx_word' id='word_1_342' title='bbox 931 2960 1052 2991; x_wconf 85' lang='lat' dir='ltr'>tamen</span> <span class='ocrx_word' id='word_1_343' title='bbox 1073 2970 1189 2992; x_wconf 77' lang='lat' dir='ltr'>serva-</span> 
     </span>
     <span class='ocr_line' id='line_1_49' title="bbox 215 3014 1190 3060; baseline 0.003 -13"><span class='ocrx_word' id='word_1_344' title='bbox 215 3014 332 3048; x_wconf 81' lang='lat' dir='ltr'>bimus</span> <span class='ocrx_word' id='word_1_345' title='bbox 359 3014 572 3060; x_wconf 85' lang='lat' dir='ltr'>problemati</span> <span class='ocrx_word' id='word_1_346' title='bbox 607 3015 663 3059; x_wconf 41' lang='grc' dir='ltr'>λς</span> <span class='ocrx_word' id='word_1_347' title='bbox 706 3015 740 3048; x_wconf 73' lang='grc'>3.</span> <span class='ocrx_word' id='word_1_348' title='bbox 763 3016 856 3049; x_wconf 84' lang='lat' dir='ltr'>datis</span> <span class='ocrx_word' id='word_1_349' title='bbox 883 3016 1066 3059; x_wconf 81' lang='lat' dir='ltr'>speciebus</span> <span class='ocrx_word' id='word_1_350' title='bbox 1094 3016 1190 3050; x_wconf 79' lang='lat' dir='ltr'>inve-</span> 
     </span>
     <span class='ocr_line' id='line_1_50' title="bbox 792 3073 1190 3118; baseline 0.008 -12"><span class='ocrx_word' id='word_1_351' title='bbox 792 3073 965 3118; x_wconf 74' lang='lat' dir='ltr'>l⁴2xemp1a</span> <span class='ocrx_word' id='word_1_352' title='bbox 993 3085 1054 3118; x_wconf 89' lang='lat' dir='ltr'>per</span> <span class='ocrx_word' id='word_1_353' title='bbox 1076 3077 1190 3109; x_wconf 85' lang='lat' dir='ltr'>totam</span> 
     </span>
     <span class='ocr_line' id='line_1_51' title="bbox 214 3131 1190 3177; baseline 0.003 -14"><span class='ocrx_word' id='word_1_354' title='bbox 214 3131 475 3177; x_wconf 66' lang='lat' dir='ltr'>philosophiam</span> <span class='ocrx_word' id='word_1_355' title='bbox 496 3132 623 3165; x_wconf 82' lang='lat' dir='ltr'>dillusa</span> <span class='ocrx_word' id='word_1_356' title='bbox 644 3134 737 3176; x_wconf 82' lang='lat' dir='ltr'>sunt,</span> <span class='ocrx_word' id='word_1_357' title='bbox 761 3132 834 3165; x_wconf 91' lang='lat' dir='ltr'>imo</span> <span class='ocrx_word' id='word_1_358' title='bbox 858 3142 920 3164; x_wconf 80' lang='lat' dir='ltr'>nec</span> <span class='ocrx_word' id='word_1_359' title='bbox 940 3132 1190 3177; x_wconf 75' lang='lat' dir='ltr'>Jurispruden-</span> 
     </span>
    </p>
   </div>
   <div class='ocr_carea' id='block_1_7' title="bbox 215 3072 737 3115">
    <p class='ocr_par' dir='ltr' id='par_1_8' title="bbox 215 3072 737 3115">
     <span class='ocr_line' id='line_1_52' title="bbox 215 3072 737 3115; baseline 0.004 -10"><span class='ocrx_word' id='word_1_360' title='bbox 215 3072 334 3106; x_wconf 82' lang='lat' dir='ltr'>niendi</span> <span class='ocrx_word' id='word_1_361' title='bbox 364 3084 492 3115; x_wconf 82' lang='lat' dir='ltr'>genera</span> <span class='ocrx_word' id='word_1_362' title='bbox 521 3073 737 3107; x_wconf 79' lang='lat' dir='ltr'>subalterna.</span> 
     </span>
    </p>
   </div>
   <div class='ocr_carea' id='block_1_8' title="bbox 216 3189 1192 3411">
    <p class='ocr_par' dir='ltr' id='par_1_9' title="bbox 216 3189 1192 3411">
     <span class='ocr_line' id='line_1_53' title="bbox 216 3189 1191 3235; baseline 0.004 -13"><span class='ocrx_word' id='word_1_363' title='bbox 216 3189 286 3222; x_wconf 77' lang='lat' dir='ltr'>tiae</span> <span class='ocrx_word' id='word_1_364' title='bbox 309 3190 427 3223; x_wconf 80' lang='lat' dir='ltr'>deesse</span> <span class='ocrx_word' id='word_1_365' title='bbox 449 3190 687 3235; x_wconf 60' lang='lat' dir='ltr'>ostvmlenms,</span> <span class='ocrx_word' id='word_1_366' title='bbox 710 3191 803 3235; x_wconf 81' lang='lat' dir='ltr'>apud</span> <span class='ocrx_word' id='word_1_367' title='bbox 827 3190 987 3224; x_wconf 54' lang='lat' dir='ltr'>Mean-os</span> <span class='ocrx_word' id='word_1_368' title='bbox 1008 3202 1093 3224; x_wconf 62' lang='lat' dir='ltr'>vero</span> <span class='ocrx_word' id='word_1_369' title='bbox 1115 3202 1191 3226; x_wconf 88' lang='lat' dir='ltr'>om-</span> 
     </span>
     <span class='ocr_line' id='line_1_54' title="bbox 216 3247 1192 3294; baseline 0.004 -15"><span class='ocrx_word' id='word_1_370' title='bbox 216 3247 271 3279; x_wconf 75' lang='lat' dir='ltr'>nis</span> <span class='ocrx_word' id='word_1_371' title='bbox 294 3248 445 3282; x_wconf 61' lang='lat' dir='ltr'>varietas</span> <span class='ocrx_word' id='word_1_372' title='bbox 474 3249 816 3283; x_wconf 79' lang='lat' dir='ltr'>me&lt;licamentorum</span> <span class='ocrx_word' id='word_1_373' title='bbox 845 3248 1126 3294; x_wconf 80' lang='lat' dir='ltr'>composit(›rum</span> <span class='ocrx_word' id='word_1_374' title='bbox 1157 3252 1192 3283; x_wconf 91' lang='lat' dir='ltr'>et</span> 
     </span>
     <span class='ocr_line' id='line_1_55' title="bbox 218 3300 1191 3350; baseline 0.009 -17"><span class='ocrx_word' id='word_1_375' title='bbox 218 3300 615 3350; x_wconf 53' lang='grc' dir='ltr'>(μαψιακυπωιητική</span> <span class='ocrx_word' id='word_1_376' title='bbox 638 3319 682 3342; x_wconf 84' lang='lat' dir='ltr'>ex</span> <span class='ocrx_word' id='word_1_377' title='bbox 712 3307 891 3341; x_wconf 64' lang='lat' dir='ltr'>rariorum</span> <span class='ocrx_word' id='word_1_378' title='bbox 914 3307 1191 3349; x_wconf 62' lang='lat' dir='ltr'>ingredientium</span> 
     </span>
     <span class='ocr_line' id='line_1_56' title="bbox 219 3362 1192 3411; baseline 0.007 -16"><span class='ocrx_word' id='word_1_379' title='bbox 219 3362 395 3397; x_wconf 80' lang='lat' dir='ltr'>mixtione</span> <span class='ocrx_word' id='word_1_380' title='bbox 432 3366 566 3410; x_wconf 67' lang='lat' dir='ltr'>oritur,</span> <span class='ocrx_word' id='word_1_381' title='bbox 604 3368 640 3401; x_wconf 84' lang='lat' dir='ltr'>at</span> <span class='ocrx_word' id='word_1_382' title='bbox 669 3367 705 3400; x_wconf 89' lang='lat' dir='ltr'>in</span> <span class='ocrx_word' id='word_1_383' title='bbox 742 3365 913 3411; x_wconf 79' lang='lat' dir='ltr'>eligendis</span> <span class='ocrx_word' id='word_1_384' title='bbox 952 3365 1192 3402; x_wconf 77' lang='lat' dir='ltr'>mixtionibus</span> 
     </span>
    </p>
   </div>
   <div class='ocr_carea' id='block_1_9' title="bbox 860 168 1561 207">
    <p class='ocr_par' dir='ltr' id='par_1_10' title="bbox 860 168 1561 207">
     <span class='ocr_line' id='line_1_57' title="bbox 860 168 1561 207; baseline -0.004 -1"><span class='ocrx_word' id='word_1_385' title='bbox 860 170 904 206; x_wconf 93' lang='grc' dir='ltr'>ΙΙ.</span> <span class='ocrx_word' id='word_1_386' title='bbox 943 168 1008 205; x_wconf 83' lang='lat' dir='ltr'>DE</span> <span class='ocrx_word' id='word_1_387' title='bbox 1027 169 1158 206; x_wconf 85' lang='lat' dir='ltr'><strong>ARTE</strong></span> <span class='ocrx_word' id='word_1_388' title='bbox 1185 170 1561 207; x_wconf 82' lang='lat' dir='ltr'>COMBINATORIA.</span> 
     </span>
    </p>
   </div>
   <div class='ocr_carea' id='block_1_10' title="bbox 1247 262 2302 3416">
    <p class='ocr_par' dir='ltr' id='par_1_11' title="bbox 1247 262 2302 3416">
     <span class='ocr_line' id='line_1_58' title="bbox 1247 262 2224 312; baseline 0.001 -12"><span class='ocrx_word' id='word_1_389' title='bbox 1247 265 1394 300; x_wconf 85' lang='lat' dir='ltr'>utilibus</span> <span class='ocrx_word' id='word_1_390' title='bbox 1415 274 1555 299; x_wconf 85' lang='lat' dir='ltr'>summo</span> <span class='ocrx_word' id='word_1_391' title='bbox 1574 273 1662 309; x_wconf 87' lang='lat' dir='ltr'>opus</span> <span class='ocrx_word' id='word_1_392' title='bbox 1678 262 1816 307; x_wconf 77' lang='lat' dir='ltr'>judicio</span> <span class='ocrx_word' id='word_1_393' title='bbox 1833 267 1895 298; x_wconf 87' lang='lat' dir='ltr'>est.</span> <span class='ocrx_word' id='word_1_394' title='bbox 1936 263 2096 300; x_wconf 87' lang='lat' dir='ltr'>Primum</span> <span class='ocrx_word' id='word_1_395' title='bbox 2117 265 2224 312; x_wconf 80' lang='lat' dir='ltr'>igitur</span> 
     </span>
     <span class='ocr_line' id='line_1_59' title="bbox 1247 321 2223 370; baseline -0.001 -11"><span class='ocrx_word' id='word_1_396' title='bbox 1247 324 1413 370; x_wconf 84' lang='lat' dir='ltr'>exempla</span> <span class='ocrx_word' id='word_1_397' title='bbox 1445 322 1611 357; x_wconf 75' lang='lat' dir='ltr'>dabimus</span> <span class='ocrx_word' id='word_1_398' title='bbox 1639 321 1834 368; x_wconf 78' lang='lat' dir='ltr'>specierum</span> <span class='ocrx_word' id='word_1_399' title='bbox 1864 322 1928 357; x_wconf 80' lang='lat' dir='ltr'>hae</span> <span class='ocrx_word' id='word_1_400' title='bbox 1955 324 2097 360; x_wconf 87' lang='lat' dir='ltr'>ratione</span> <span class='ocrx_word' id='word_1_401' title='bbox 2125 325 2223 359; x_wconf 85' lang='lat' dir='ltr'>inve-</span> 
     </span>
     <span class='ocr_line' id='line_1_60' title="bbox 1247 380 2291 428; baseline 0 -11"><span class='ocrx_word' id='word_1_402' title='bbox 1247 382 1478 417; x_wconf 86' lang='lat' dir='ltr'>niendarum:</span> <span class='ocrx_word' id='word_1_403' title='bbox 1501 381 1527 415; x_wconf 89' lang='lat' dir='ltr'>I.</span> <span class='ocrx_word' id='word_1_404' title='bbox 1547 381 1642 427; x_wconf 84' lang='lat' dir='ltr'>apud</span> <span class='ocrx_word' id='word_1_405' title='bbox 1663 381 1764 415; x_wconf 83' lang='lat' dir='ltr'>ICtos</span> <span class='ocrx_word' id='word_1_406' title='bbox 1785 381 1806 415; x_wconf 92' lang='lat' dir='ltr'>l.</span> <span class='ocrx_word' id='word_1_407' title='bbox 1828 380 1863 414; x_wconf 85' lang='lat'>2.</span> <span class='ocrx_word' id='word_1_408' title='bbox 1881 381 1924 415; x_wconf 90' lang='lat' dir='ltr'>D.</span> <span class='ocrx_word' id='word_1_409' title='bbox 1941 383 1980 417; x_wconf 84' lang='lat' dir='ltr'>M</span> <span class='ocrx_word' id='word_1_410' title='bbox 1990 395 2010 417; x_wconf 81' lang='lat' dir='ltr'>a</span> <span class='ocrx_word' id='word_1_411' title='bbox 2020 394 2043 417; x_wconf 94' lang='lat' dir='ltr'>n</span> <span class='ocrx_word' id='word_1_412' title='bbox 2053 384 2075 418; x_wconf 95' lang='lat' dir='ltr'>d</span> <span class='ocrx_word' id='word_1_413' title='bbox 2084 383 2167 428; x_wconf 83' lang='lat' dir='ltr'>ati,</span> <span class='ocrx_word' id='word_1_414' title='bbox 2189 386 2225 417; x_wconf 87' lang='lat' dir='ltr'>et</span> <span class='ocrx_word' id='word_1_415' title='bbox 2244 383 2291 419; x_wconf 84' lang='lat'>12</span> 
     </span>
     <span class='ocr_line' id='line_1_61' title="bbox 1248 439 2225 488; baseline 0 -14"><span class='ocrx_word' id='word_1_416' title='bbox 1248 453 1307 488; x_wconf 89' lang='lat' dir='ltr'>pr.</span> <span class='ocrx_word' id='word_1_417' title='bbox 1328 441 1360 475; x_wconf 87' lang='lat' dir='ltr'>J.</span> <span class='ocrx_word' id='word_1_418' title='bbox 1385 440 1440 475; x_wconf 86' lang='lat' dir='ltr'>de</span> <span class='ocrx_word' id='word_1_419' title='bbox 1463 440 1531 474; x_wconf 83' lang='lat' dir='ltr'>Ma</span> <span class='ocrx_word' id='word_1_420' title='bbox 1542 439 1597 474; x_wconf 92' lang='lat' dir='ltr'>nd</span> <span class='ocrx_word' id='word_1_421' title='bbox 1608 442 1683 474; x_wconf 84' lang='lat' dir='ltr'>ato</span> <span class='ocrx_word' id='word_1_422' title='bbox 1716 440 1800 474; x_wconf 78' lang='lat' dir='ltr'>haee</span> <span class='ocrx_word' id='word_1_423' title='bbox 1830 439 1960 474; x_wconf 85' lang='lat' dir='ltr'>divisio</span> <span class='ocrx_word' id='word_1_424' title='bbox 1991 442 2225 488; x_wconf 85' lang='lat' dir='ltr'>proponitur:</span> 
     </span>
     <span class='ocr_line' id='line_1_62' title="bbox 1248 498 2227 535; baseline -0.001 0"><span class='ocrx_word' id='word_1_425' title='bbox 1248 499 1513 535; x_wconf 87' lang='lat' dir='ltr'>Mandatum</span> <span class='ocrx_word' id='word_1_426' title='bbox 1542 498 1764 534; x_wconf 81' lang='lat' dir='ltr'>contrahitur</span> <span class='ocrx_word' id='word_1_427' title='bbox 1784 499 1819 532; x_wconf 85' lang='lat'>5.</span> <span class='ocrx_word' id='word_1_428' title='bbox 1849 498 1984 532; x_wconf 86' lang='lat' dir='ltr'>modis:</span> <span class='ocrx_word' id='word_1_429' title='bbox 2019 500 2227 535; x_wconf 87' lang='lat' dir='ltr'>mandantis</span> 
     </span>
     <span class='ocr_line' id='line_1_63' title="bbox 1248 556 2228 603; baseline 0.001 -11"><span class='ocrx_word' id='word_1_430' title='bbox 1248 559 1373 603; x_wconf 71' lang='lat' dir='ltr'>gratia,</span> <span class='ocrx_word' id='word_1_431' title='bbox 1386 557 1590 592; x_wconf 88' lang='lat' dir='ltr'>mandantis</span> <span class='ocrx_word' id='word_1_432' title='bbox 1608 561 1644 592; x_wconf 88' lang='lat' dir='ltr'>et</span> <span class='ocrx_word' id='word_1_433' title='bbox 1659 556 1888 602; x_wconf 84' lang='lat' dir='ltr'>mandatarii,</span> <span class='ocrx_word' id='word_1_434' title='bbox 1900 557 2009 603; x_wconf 79' lang='lat' dir='ltr'>tertii,</span> <span class='ocrx_word' id='word_1_435' title='bbox 2023 558 2228 594; x_wconf 85' lang='lat' dir='ltr'>mandantis</span> 
     </span>
     <span class='ocr_line' id='line_1_64' title="bbox 1249 615 2230 661; baseline -0.001 -10"><span class='ocrx_word' id='word_1_436' title='bbox 1249 620 1284 652; x_wconf 88' lang='lat' dir='ltr'>et</span> <span class='ocrx_word' id='word_1_437' title='bbox 1300 616 1410 661; x_wconf 81' lang='lat' dir='ltr'>tertii,</span> <span class='ocrx_word' id='word_1_438' title='bbox 1430 616 1645 651; x_wconf 82' lang='lat' dir='ltr'>mandatarii</span> <span class='ocrx_word' id='word_1_439' title='bbox 1667 620 1703 651; x_wconf 89' lang='lat' dir='ltr'>et</span> <span class='ocrx_word' id='word_1_440' title='bbox 1719 616 1826 651; x_wconf 84' lang='lat' dir='ltr'>tertii.</span> <span class='ocrx_word' id='word_1_441' title='bbox 1867 615 2123 651; x_wconf 71' lang='lat' dir='ltr'>Sufficientiam</span> <span class='ocrx_word' id='word_1_442' title='bbox 2139 616 2230 652; x_wconf 77' lang='lat' dir='ltr'>divi-</span> 
     </span>
     <span class='ocr_line' id='line_1_65' title="bbox 1249 674 2230 723; baseline 0.001 -14"><span class='ocrx_word' id='word_1_443' title='bbox 1249 675 1361 710; x_wconf 82' lang='lat' dir='ltr'>sionis</span> <span class='ocrx_word' id='word_1_444' title='bbox 1370 675 1472 723; x_wconf 72' lang='lat' dir='ltr'>bujus</span> <span class='ocrx_word' id='word_1_445' title='bbox 1486 675 1536 710; x_wconf 81' lang='lat' dir='ltr'>sic,</span> <span class='ocrx_word' id='word_1_446' title='bbox 1545 675 1775 710; x_wconf 70' lang='lat' dir='ltr'>venabimur:</span> <span class='ocrx_word' id='word_1_447' title='bbox 1794 674 2168 720; x_wconf 86' lang='lat' dir='ltr'>Fundamentumejus</span> <span class='ocrx_word' id='word_1_448' title='bbox 2176 678 2230 710; x_wconf 87' lang='lat' dir='ltr'>est</span> 
     </span>
     <span class='ocr_line' id='line_1_66' title="bbox 1251 724 2230 780; baseline 0 -12"><span class='ocrx_word' id='word_1_449' title='bbox 1251 734 1330 769; x_wconf 84' lang='lat' dir='ltr'>finis</span> <span class='ocrx_word' id='word_1_450' title='bbox 1353 724 1401 780; x_wconf 63' lang='grc' dir='ltr'>ᾧ,</span> <span class='ocrx_word' id='word_1_451' title='bbox 1423 743 1484 769; x_wconf 87' lang='lat' dir='ltr'>seu</span> <span class='ocrx_word' id='word_1_452' title='bbox 1505 744 1658 780; x_wconf 89' lang='lat' dir='ltr'>persona</span> <span class='ocrx_word' id='word_1_453' title='bbox 1679 733 1777 778; x_wconf 88' lang='lat' dir='ltr'>cujus</span> <span class='ocrx_word' id='word_1_454' title='bbox 1797 734 1912 779; x_wconf 67' lang='lat' dir='ltr'>gratia</span> <span class='ocrx_word' id='word_1_455' title='bbox 1933 734 2165 780; x_wconf 86' lang='lat' dir='ltr'>contrahitur,</span> <span class='ocrx_word' id='word_1_456' title='bbox 2187 745 2230 769; x_wconf 87' lang='lat' dir='ltr'>ea</span> 
     </span>
     <span class='ocr_line' id='line_1_67' title="bbox 1251 792 2229 839; baseline 0 -12"><span class='ocrx_word' id='word_1_457' title='bbox 1251 796 1305 827; x_wconf 86' lang='lat' dir='ltr'>est</span> <span class='ocrx_word' id='word_1_458' title='bbox 1340 792 1490 839; x_wconf 82' lang='lat' dir='ltr'>triplex:</span> <span class='ocrx_word' id='word_1_459' title='bbox 1530 792 1716 838; x_wconf 81' lang='lat' dir='ltr'>mandans,</span> <span class='ocrx_word' id='word_1_460' title='bbox 1749 793 1994 827; x_wconf 69' lang='lat' dir='ltr'>mandatarius</span> <span class='ocrx_word' id='word_1_461' title='bbox 2029 796 2065 828; x_wconf 87' lang='lat' dir='ltr'>ct</span> <span class='ocrx_word' id='word_1_462' title='bbox 2093 793 2229 828; x_wconf 83' lang='lat' dir='ltr'>tertius.</span> 
     </span>
     <span class='ocr_line' id='line_1_68' title="bbox 1251 851 2230 898; baseline -0.002 -12"><span class='ocrx_word' id='word_1_463' title='bbox 1251 851 1385 886; x_wconf 86' lang='lat' dir='ltr'>Rerum</span> <span class='ocrx_word' id='word_1_464' title='bbox 1395 854 1514 886; x_wconf 81' lang='lat' dir='ltr'>autem</span> <span class='ocrx_word' id='word_1_465' title='bbox 1526 851 1633 885; x_wconf 88' lang='lat' dir='ltr'>trium</span> <span class='ocrx_word' id='word_1_466' title='bbox 1651 851 1920 898; x_wconf 74' lang='lat' dir='ltr'>complexiones</span> <span class='ocrx_word' id='word_1_467' title='bbox 1929 854 2012 886; x_wconf 85' lang='lat' dir='ltr'>sunt</span> <span class='ocrx_word' id='word_1_468' title='bbox 2025 851 2043 886; x_wconf 85' lang='lat'>7</span> <span class='ocrx_word' id='word_1_469' title='bbox 2060 864 2068 885; x_wconf 74' lang='grc' dir='ltr'><em>τ</em></span> <span class='ocrx_word' id='word_1_470' title='bbox 2085 852 2230 887; x_wconf 77' lang='lat' dir='ltr'>Iniones</span> 
     </span>
     <span class='ocr_line' id='line_1_69' title="bbox 1253 910 2230 956; baseline 0 -12"><span class='ocrx_word' id='word_1_471' title='bbox 1253 912 1342 945; x_wconf 85' lang='lat' dir='ltr'>tres:</span> <span class='ocrx_word' id='word_1_472' title='bbox 1359 921 1440 944; x_wconf 91' lang='lat' dir='ltr'>cum</span> <span class='ocrx_word' id='word_1_473' title='bbox 1455 910 1564 944; x_wconf 84' lang='lat' dir='ltr'>solius</span> <span class='ocrx_word' id='word_1_474' title='bbox 1585 910 1618 944; x_wconf 91' lang='lat'>1.</span> <span class='ocrx_word' id='word_1_475' title='bbox 1636 910 1920 956; x_wconf 87' lang='lat' dir='ltr'>mandantis,</span> <span class='ocrx_word' id='word_1_476' title='bbox 1942 910 1977 944; x_wconf 80' lang='lat'>2.</span> <span class='ocrx_word' id='word_1_477' title='bbox 1994 921 2093 945; x_wconf 82' lang='lat' dir='ltr'>man</span> <span class='ocrx_word' id='word_1_478' title='bbox 2105 911 2230 944; x_wconf 88' lang='lat' dir='ltr'>data-</span> 
     </span>
     <span class='ocr_line' id='line_1_70' title="bbox 1251 967 2232 1014; baseline 0.002 -12"><span class='ocrx_word' id='word_1_479' title='bbox 1251 968 1327 1014; x_wconf 86' lang='lat' dir='ltr'>rii,</span> <span class='ocrx_word' id='word_1_480' title='bbox 1352 967 1535 1003; x_wconf 54' lang='lat' dir='ltr'>&amp;tertii</span> <span class='ocrx_word' id='word_1_481' title='bbox 1551 968 1664 1014; x_wconf 75' lang='lat' dir='ltr'>gratia</span> <span class='ocrx_word' id='word_1_482' title='bbox 1682 969 1914 1003; x_wconf 85' lang='lat' dir='ltr'>contrahitur.</span> <span class='ocrx_word' id='word_1_483' title='bbox 1944 969 2232 1004; x_wconf 83' lang='lat' dir='ltr'>Com2nationes</span> 
     </span>
     <span class='ocr_line' id='line_1_71' title="bbox 1253 1027 2231 1073; baseline 0.001 -13"><span class='ocrx_word' id='word_1_484' title='bbox 1253 1027 1424 1062; x_wconf 89' lang='lat' dir='ltr'>totidem:</span> <span class='ocrx_word' id='word_1_485' title='bbox 1465 1028 1501 1061; x_wconf 76' lang='lat'>4.</span> <span class='ocrx_word' id='word_1_486' title='bbox 1538 1027 1808 1062; x_wconf 81' lang='lat' dir='ltr'>Mandantis</span> <span class='ocrx_word' id='word_1_487' title='bbox 1843 1030 1886 1062; x_wconf 84' lang='lat' dir='ltr'>et</span> <span class='ocrx_word' id='word_1_488' title='bbox 1921 1027 2231 1073; x_wconf 83' lang='lat' dir='ltr'>Mandatarii,</span> 
     </span>
     <span class='ocr_line' id='line_1_72' title="bbox 1255 1084 2233 1131; baseline 0.001 -12"><span class='ocrx_word' id='word_1_489' title='bbox 1255 1085 1291 1119; x_wconf 87' lang='lat'>5.</span> <span class='ocrx_word' id='word_1_490' title='bbox 1328 1084 1594 1120; x_wconf 74' lang='lat' dir='ltr'>Mandantis</span> <span class='ocrx_word' id='word_1_491' title='bbox 1629 1089 1672 1120; x_wconf 86' lang='lat' dir='ltr'>et.</span> <span class='ocrx_word' id='word_1_492' title='bbox 1706 1085 1873 1131; x_wconf 83' lang='lat' dir='ltr'>Tertii,</span> <span class='ocrx_word' id='word_1_493' title='bbox 1920 1088 1955 1120; x_wconf 87' lang='lat'>6.</span> <span class='ocrx_word' id='word_1_494' title='bbox 1992 1087 2233 1120; x_wconf 84' lang='lat' dir='ltr'>Mandata-</span> 
     </span>
     <span class='ocr_line' id='line_1_73' title="bbox 1252 1143 2234 1190; baseline 0 -13"><span class='ocrx_word' id='word_1_495' title='bbox 1252 1143 1310 1178; x_wconf 83' lang='lat' dir='ltr'>rii</span> <span class='ocrx_word' id='word_1_496' title='bbox 1339 1147 1382 1178; x_wconf 86' lang='lat' dir='ltr'>et</span> <span class='ocrx_word' id='word_1_497' title='bbox 1408 1144 1563 1179; x_wconf 84' lang='lat' dir='ltr'>Tertii</span> <span class='ocrx_word' id='word_1_498' title='bbox 1592 1144 1716 1189; x_wconf 82' lang='lat' dir='ltr'>gratia.</span> <span class='ocrx_word' id='word_1_499' title='bbox 1762 1144 1971 1178; x_wconf 79' lang='lat' dir='ltr'>Con3natio</span> <span class='ocrx_word' id='word_1_500' title='bbox 1997 1155 2080 1190; x_wconf 85' lang='lat' dir='ltr'>una,</span> <span class='ocrx_word' id='word_1_501' title='bbox 2103 1154 2234 1190; x_wconf 82' lang='lat' dir='ltr'>nempe</span> 
     </span>
     <span class='ocr_line' id='line_1_74' title="bbox 1257 1202 2232 1238; baseline 0 -1"><span class='ocrx_word' id='word_1_502' title='bbox 1257 1202 1292 1236; x_wconf 84' lang='lat'>7.</span> <span class='ocrx_word' id='word_1_503' title='bbox 1320 1205 1356 1237; x_wconf 90' lang='lat' dir='ltr'>et</span> <span class='ocrx_word' id='word_1_504' title='bbox 1392 1202 1652 1238; x_wconf 86' lang='lat' dir='ltr'>mandantis</span> <span class='ocrx_word' id='word_1_505' title='bbox 1678 1205 1721 1236; x_wconf 87' lang='lat' dir='ltr'>et</span> <span class='ocrx_word' id='word_1_506' title='bbox 1748 1202 2033 1237; x_wconf 83' lang='lat' dir='ltr'>mandatarii</span> <span class='ocrx_word' id='word_1_507' title='bbox 2068 1206 2109 1237; x_wconf 84' lang='lat' dir='ltr'>ct</span> <span class='ocrx_word' id='word_1_508' title='bbox 2142 1205 2232 1237; x_wconf 85' lang='lat' dir='ltr'>ter-</span> 
     </span>
     <span class='ocr_line' id='line_1_75' title="bbox 1254 1260 2232 1307; baseline -0.001 -12"><span class='ocrx_word' id='word_1_509' title='bbox 1254 1260 1311 1295; x_wconf 91' lang='lat' dir='ltr'>tii</span> <span class='ocrx_word' id='word_1_510' title='bbox 1354 1261 1460 1296; x_wconf 89' lang='lat' dir='ltr'>simul</span> <span class='ocrx_word' id='word_1_511' title='bbox 1506 1260 1630 1307; x_wconf 82' lang='lat' dir='ltr'>gratia.</span> <span class='ocrx_word' id='word_1_512' title='bbox 1686 1260 1755 1295; x_wconf 82' lang='lat' dir='ltr'>Hie</span> <span class='ocrx_word' id='word_1_513' title='bbox 1799 1261 1873 1296; x_wconf 79' lang='lat' dir='ltr'>ICti</span> <span class='ocrx_word' id='word_1_514' title='bbox 1917 1261 2082 1296; x_wconf 79' lang='lat' dir='ltr'>Inionein</span> <span class='ocrx_word' id='word_1_515' title='bbox 2118 1261 2232 1307; x_wconf 81' lang='lat' dir='ltr'>illam,</span> 
     </span>
     <span class='ocr_line' id='line_1_76' title="bbox 1252 1319 2232 1365; baseline -0.001 -10"><span class='ocrx_word' id='word_1_516' title='bbox 1252 1319 1291 1355; x_wconf 90' lang='lat' dir='ltr'>in</span> <span class='ocrx_word' id='word_1_517' title='bbox 1327 1330 1397 1365; x_wconf 85' lang='lat' dir='ltr'>qua</span> <span class='ocrx_word' id='word_1_518' title='bbox 1429 1320 1651 1355; x_wconf 85' lang='lat' dir='ltr'>contrahitur</span> <span class='ocrx_word' id='word_1_519' title='bbox 1686 1319 1802 1365; x_wconf 84' lang='lat' dir='ltr'>gratia</span> <span class='ocrx_word' id='word_1_520' title='bbox 1845 1320 2062 1355; x_wconf 83' lang='lat' dir='ltr'>mandatarii</span> <span class='ocrx_word' id='word_1_521' title='bbox 2103 1320 2232 1365; x_wconf 83' lang='lat' dir='ltr'>solum,</span> 
     </span>
     <span class='ocr_line' id='line_1_77' title="bbox 1253 1377 2234 1424; baseline 0 -11"><span class='ocrx_word' id='word_1_522' title='bbox 1253 1377 1419 1421; x_wconf 85' lang='lat' dir='ltr'>rejiciunt</span> <span class='ocrx_word' id='word_1_523' title='bbox 1462 1379 1558 1413; x_wconf 82' lang='lat' dir='ltr'>velut</span> <span class='ocrx_word' id='word_1_524' title='bbox 1602 1378 1787 1424; x_wconf 88' lang='lat' dir='ltr'>inutilem,</span> <span class='ocrx_word' id='word_1_525' title='bbox 1831 1378 1915 1423; x_wconf 83' lang='lat' dir='ltr'>quia</span> <span class='ocrx_word' id='word_1_526' title='bbox 1955 1378 2002 1413; x_wconf 85' lang='lat' dir='ltr'>sit</span> <span class='ocrx_word' id='word_1_527' title='bbox 2042 1378 2234 1414; x_wconf 87' lang='lat' dir='ltr'>consilium</span> 
     </span>
     <span class='ocr_line' id='line_1_78' title="bbox 1253 1436 2234 1483; baseline 0 -13"><span class='ocrx_word' id='word_1_528' title='bbox 1253 1436 1371 1483; x_wconf 88' lang='lat' dir='ltr'>potius</span> <span class='ocrx_word' id='word_1_529' title='bbox 1399 1447 1508 1483; x_wconf 85' lang='lat' dir='ltr'>quam</span> <span class='ocrx_word' id='word_1_530' title='bbox 1536 1437 1767 1481; x_wconf 60' lang='lat' dir='ltr'>mandatum,</span> <span class='ocrx_word' id='word_1_531' title='bbox 1804 1442 1993 1471; x_wconf 80' lang='lat' dir='ltr'>remanent</span> <span class='ocrx_word' id='word_1_532' title='bbox 2020 1437 2130 1482; x_wconf 81' lang='lat' dir='ltr'>igitur</span> <span class='ocrx_word' id='word_1_533' title='bbox 2157 1449 2234 1483; x_wconf 86' lang='lat' dir='ltr'>spe-</span> 
     </span>
     <span class='ocr_line' id='line_1_79' title="bbox 1252 1495 2235 1541; baseline 0.001 -12"><span class='ocrx_word' id='word_1_534' title='bbox 1252 1495 1322 1530; x_wconf 86' lang='lat' dir='ltr'>cies</span> <span class='ocrx_word' id='word_1_535' title='bbox 1345 1496 1382 1530; x_wconf 86' lang='lat'>6.</span> <span class='ocrx_word' id='word_1_536' title='bbox 1411 1496 1472 1531; x_wconf 88' lang='lat' dir='ltr'>sed</span> <span class='ocrx_word' id='word_1_537' title='bbox 1503 1506 1564 1531; x_wconf 88' lang='lat' dir='ltr'>cur</span> <span class='ocrx_word' id='word_1_538' title='bbox 1595 1496 1629 1530; x_wconf 88' lang='lat'>5.</span> <span class='ocrx_word' id='word_1_539' title='bbox 1659 1495 1880 1541; x_wconf 85' lang='lat' dir='ltr'>reliquerint,</span> <span class='ocrx_word' id='word_1_540' title='bbox 1911 1495 2045 1530; x_wconf 84' lang='lat' dir='ltr'>omissa</span> <span class='ocrx_word' id='word_1_541' title='bbox 2071 1496 2235 1530; x_wconf 64' lang='lat' dir='ltr'>eonssna-</span> 
     </span>
     <span class='ocr_line' id='line_1_80' title="bbox 1253 1554 2301 1600; baseline 0.001 -12"><span class='ocrx_word' id='word_1_542' title='bbox 1253 1554 1363 1600; x_wconf 83' lang='lat' dir='ltr'>tione,</span> <span class='ocrx_word' id='word_1_543' title='bbox 1392 1554 1522 1589; x_wconf 85' lang='lat' dir='ltr'>nescio.</span> <span class='ocrx_word' id='word_1_544' title='bbox 1572 1555 1616 1589; x_wconf 90' lang='lat' dir='ltr'>II.</span> <span class='ocrx_word' id='word_1_545' title='bbox 1644 1554 1914 1589; x_wconf 81' lang='lat' dir='ltr'>Elementorum</span> <span class='ocrx_word' id='word_1_546' title='bbox 1942 1564 2142 1600; x_wconf 83' lang='lat' dir='ltr'>munerum,</span> <span class='ocrx_word' id='word_1_547' title='bbox 2172 1564 2233 1589; x_wconf 87' lang='lat' dir='ltr'>seu</span> <span class='ocrx_word' id='word_1_548' title='bbox 2252 1559 2301 1594; x_wconf 82' lang='lat'>13</span> 
     </span>
     <span class='ocr_line' id='line_1_81' title="bbox 1251 1612 2233 1660; baseline 0 -13"><span class='ocrx_word' id='word_1_549' title='bbox 1251 1613 1412 1659; x_wconf 89' lang='lat' dir='ltr'>corporis</span> <span class='ocrx_word' id='word_1_550' title='bbox 1433 1613 1605 1660; x_wconf 84' lang='lat' dir='ltr'>simplicis</span> <span class='ocrx_word' id='word_1_551' title='bbox 1634 1613 1821 1648; x_wconf 87' lang='lat' dir='ltr'>mutabilis</span> <span class='ocrx_word' id='word_1_552' title='bbox 1849 1613 1983 1659; x_wconf 81' lang='lat' dir='ltr'>species</span> <span class='ocrx_word' id='word_1_553' title='bbox 2004 1612 2233 1648; x_wconf 81' lang='lat' dir='ltr'>Aristote-</span> 
     </span>
     <span class='ocr_line' id='line_1_82' title="bbox 1254 1671 2235 1715; baseline 0.001 -10"><span class='ocrx_word' id='word_1_554' title='bbox 1254 1672 1318 1706; x_wconf 87' lang='lat' dir='ltr'>les</span> <span class='ocrx_word' id='word_1_555' title='bbox 1340 1672 1420 1706; x_wconf 91' lang='lat' dir='ltr'>libr.</span> <span class='ocrx_word' id='word_1_556' title='bbox 1441 1672 1477 1706; x_wconf 76' lang='lat'>2.</span> <span class='ocrx_word' id='word_1_557' title='bbox 1499 1672 1543 1707; x_wconf 84' lang='lat' dir='ltr'>de</span> <span class='ocrx_word' id='word_1_558' title='bbox 1564 1672 1653 1707; x_wconf 86' lang='lat' dir='ltr'>Gen.</span> <span class='ocrx_word' id='word_1_559' title='bbox 1675 1682 1757 1707; x_wconf 84' lang='lat' dir='ltr'>cum</span> <span class='ocrx_word' id='word_1_560' title='bbox 1779 1672 1939 1706; x_wconf 85' lang='lat' dir='ltr'>Occllo</span> <span class='ocrx_word' id='word_1_561' title='bbox 1961 1671 2143 1706; x_wconf 78' lang='lat' dir='ltr'>Lucano</span> <span class='ocrx_word' id='word_1_562' title='bbox 2165 1672 2235 1715; x_wconf 74' lang='lat' dir='ltr'>Py-</span> 
     </span>
     <span class='ocr_line' id='line_1_83' title="bbox 1253 1730 2235 1777; baseline 0 -13"><span class='ocrx_word' id='word_1_563' title='bbox 1253 1730 1435 1776; x_wconf 85' lang='lat' dir='ltr'>thagorico</span> <span class='ocrx_word' id='word_1_564' title='bbox 1457 1731 1599 1766; x_wconf 88' lang='lat' dir='ltr'>deducit.</span> <span class='ocrx_word' id='word_1_565' title='bbox 1620 1742 1666 1765; x_wconf 89' lang='lat' dir='ltr'>ex</span> <span class='ocrx_word' id='word_1_566' title='bbox 1687 1741 1837 1766; x_wconf 88' lang='lat' dir='ltr'>numero</span> <span class='ocrx_word' id='word_1_567' title='bbox 1866 1730 2081 1775; x_wconf 82' lang='lat' dir='ltr'>qualitatum</span> <span class='ocrx_word' id='word_1_568' title='bbox 2102 1730 2235 1777; x_wconf 83' lang='lat' dir='ltr'>prima-</span> 
     </span>
     <span class='ocr_line' id='line_1_84' title="bbox 1252 1789 2235 1836; baseline -0.001 -12"><span class='ocrx_word' id='word_1_569' title='bbox 1252 1799 1342 1834; x_wconf 90' lang='lat' dir='ltr'>rum,</span> <span class='ocrx_word' id='word_1_570' title='bbox 1361 1799 1448 1835; x_wconf 79' lang='lat' dir='ltr'>quas</span> <span class='ocrx_word' id='word_1_571' title='bbox 1467 1791 1487 1824; x_wconf 80' lang='lat'>4</span> <span class='ocrx_word' id='word_1_572' title='bbox 1507 1801 1583 1824; x_wconf 84' lang='lat' dir='ltr'>esse</span> <span class='ocrx_word' id='word_1_573' title='bbox 1598 1790 1778 1836; x_wconf 85' lang='lat' dir='ltr'>supponit,</span> <span class='ocrx_word' id='word_1_574' title='bbox 1797 1791 1969 1834; x_wconf 83' lang='lat' dir='ltr'>tanquam</span> <span class='ocrx_word' id='word_1_575' title='bbox 1987 1789 2235 1835; x_wconf 85' lang='lat' dir='ltr'>fundamento,</span> 
     </span>
     <span class='ocr_line' id='line_1_85' title="bbox 1252 1847 2237 1895; baseline 0.001 -14"><span class='ocrx_word' id='word_1_576' title='bbox 1252 1847 1306 1882; x_wconf 80' lang='lat' dir='ltr'>liis</span> <span class='ocrx_word' id='word_1_577' title='bbox 1327 1851 1447 1883; x_wconf 86' lang='lat' dir='ltr'>tamen</span> <span class='ocrx_word' id='word_1_578' title='bbox 1478 1849 1627 1894; x_wconf 69' lang='lat' dir='ltr'>legibus,</span> <span class='ocrx_word' id='word_1_579' title='bbox 1657 1852 1696 1882; x_wconf 89' lang='lat' dir='ltr'>ut</span> <span class='ocrx_word' id='word_1_580' title='bbox 1724 1849 1754 1883; x_wconf 91' lang='grc'>1.</span> <span class='ocrx_word' id='word_1_581' title='bbox 1784 1847 1972 1893; x_wconf 86' lang='lat' dir='ltr'>quodlibet</span> <span class='ocrx_word' id='word_1_582' title='bbox 1997 1851 2237 1895; x_wconf 84' lang='lat' dir='ltr'>componatur</span> 
     </span>
     <span class='ocr_line' id='line_1_86' title="bbox 1252 1906 2237 1953; baseline -0.001 -12"><span class='ocrx_word' id='word_1_583' title='bbox 1252 1917 1299 1941; x_wconf 88' lang='lat' dir='ltr'>ex</span> <span class='ocrx_word' id='word_1_584' title='bbox 1320 1906 1400 1941; x_wconf 81' lang='lat' dir='ltr'>dual</span> <span class='ocrx_word' id='word_1_585' title='bbox 1423 1919 1460 1942; x_wconf 67' lang='lat' dir='ltr'>as</span> <span class='ocrx_word' id='word_1_586' title='bbox 1481 1907 1713 1953; x_wconf 86' lang='lat' dir='ltr'>qualitatibus</span> <span class='ocrx_word' id='word_1_587' title='bbox 1741 1910 1777 1941; x_wconf 88' lang='lat' dir='ltr'>et</span> <span class='ocrx_word' id='word_1_588' title='bbox 1797 1917 1912 1952; x_wconf 85' lang='lat' dir='ltr'>neque</span> <span class='ocrx_word' id='word_1_589' title='bbox 1932 1907 2094 1953; x_wconf 91' lang='lat' dir='ltr'>pluribus</span> <span class='ocrx_word' id='word_1_590' title='bbox 2120 1917 2237 1953; x_wconf 88' lang='lat' dir='ltr'>neque</span> 
     </span>
     <span class='ocr_line' id='line_1_87' title="bbox 1253 1965 2237 2011; baseline 0.001 -12"><span class='ocrx_word' id='word_1_591' title='bbox 1253 1966 1491 2011; x_wconf 83' lang='lat' dir='ltr'>paucioribus,</span> <span class='ocrx_word' id='word_1_592' title='bbox 1522 1966 1604 2001; x_wconf 85' lang='lat' dir='ltr'>bine</span> <span class='ocrx_word' id='word_1_593' title='bbox 1633 1966 1864 2000; x_wconf 84' lang='lat' dir='ltr'>manifestum</span> <span class='ocrx_word' id='word_1_594' title='bbox 1893 1968 1947 2000; x_wconf 90' lang='lat' dir='ltr'>est</span> <span class='ocrx_word' id='word_1_595' title='bbox 1967 1965 2123 2010; x_wconf 85' lang='lat' dir='ltr'>lniones,</span> <span class='ocrx_word' id='word_1_596' title='bbox 2152 1976 2237 2000; x_wconf 89' lang='lat' dir='ltr'>con-</span> 
     </span>
     <span class='ocr_line' id='line_1_88' title="bbox 1256 2023 2236 2069; baseline 0.001 -12"><span class='ocrx_word' id='word_1_597' title='bbox 1256 2024 1447 2059; x_wconf 75' lang='lat' dir='ltr'>3nationes</span> <span class='ocrx_word' id='word_1_598' title='bbox 1468 2027 1504 2059; x_wconf 89' lang='lat' dir='ltr'>et</span> <span class='ocrx_word' id='word_1_599' title='bbox 1523 2025 1809 2059; x_wconf 78' lang='lat' dir='ltr'>con4nationem</span> <span class='ocrx_word' id='word_1_600' title='bbox 1831 2036 1906 2059; x_wconf 85' lang='lat' dir='ltr'>esse</span> <span class='ocrx_word' id='word_1_601' title='bbox 1927 2023 2158 2069; x_wconf 68' lang='lat' dir='ltr'>abjiciendas,</span> <span class='ocrx_word' id='word_1_602' title='bbox 2181 2035 2236 2058; x_wconf 78' lang='lat' dir='ltr'>so—</span> 
     </span>
     <span class='ocr_line' id='line_1_89' title="bbox 1253 2082 2237 2129; baseline 0.001 -13"><span class='ocrx_word' id='word_1_603' title='bbox 1253 2083 1306 2117; x_wconf 82' lang='lat' dir='ltr'>las</span> <span class='ocrx_word' id='word_1_604' title='bbox 1328 2083 1607 2118; x_wconf 64' lang='lat' dir='ltr'>coni‘Znationcs</span> <span class='ocrx_word' id='word_1_605' title='bbox 1623 2084 1839 2129; x_wconf 83' lang='lat' dir='ltr'>retinendas,</span> <span class='ocrx_word' id='word_1_606' title='bbox 1858 2093 1948 2128; x_wconf 67' lang='lat' dir='ltr'>(lime</span> <span class='ocrx_word' id='word_1_607' title='bbox 1964 2086 2046 2117; x_wconf 86' lang='lat' dir='ltr'>sunt</span> <span class='ocrx_word' id='word_1_608' title='bbox 2059 2083 2115 2127; x_wconf 74' lang='lat'>6.3</span> <span class='ocrx_word' id='word_1_609' title='bbox 2140 2082 2176 2116; x_wconf 81' lang='lat'>2.</span> <span class='ocrx_word' id='word_1_610' title='bbox 2198 2086 2237 2117; x_wconf 91' lang='lat' dir='ltr'>ut</span> 
     </span>
     <span class='ocr_line' id='line_1_90' title="bbox 1252 2141 2238 2187; baseline 0 -12"><span class='ocrx_word' id='word_1_611' title='bbox 1252 2152 1436 2187; x_wconf 83' lang='lat' dir='ltr'>nunquam</span> <span class='ocrx_word' id='word_1_612' title='bbox 1458 2142 1493 2176; x_wconf 89' lang='lat' dir='ltr'>in</span> <span class='ocrx_word' id='word_1_613' title='bbox 1524 2152 1633 2176; x_wconf 88' lang='lat' dir='ltr'>unam</span> <span class='ocrx_word' id='word_1_614' title='bbox 1655 2142 1955 2177; x_wconf 74' lang='lat' dir='ltr'>com‘Znationem</span> <span class='ocrx_word' id='word_1_615' title='bbox 1984 2141 2133 2176; x_wconf 72' lang='lat' dir='ltr'>veniant.</span> <span class='ocrx_word' id='word_1_616' title='bbox 2153 2152 2238 2187; x_wconf 92' lang='lat' dir='ltr'>qua-</span> 
     </span>
     <span class='ocr_line' id='line_1_91' title="bbox 1253 2199 2239 2247; baseline 0 -13"><span class='ocrx_word' id='word_1_617' title='bbox 1253 2200 1372 2235; x_wconf 81' lang='lat' dir='ltr'>litates</span> <span class='ocrx_word' id='word_1_618' title='bbox 1393 2201 1608 2247; x_wconf 81' lang='lat' dir='ltr'>contrariae,</span> <span class='ocrx_word' id='word_1_619' title='bbox 1630 2201 1712 2236; x_wconf 86' lang='lat' dir='ltr'>hinc.</span> <span class='ocrx_word' id='word_1_620' title='bbox 1733 2201 1864 2235; x_wconf 87' lang='lat' dir='ltr'>iterum</span> <span class='ocrx_word' id='word_1_621' title='bbox 1893 2201 1984 2235; x_wconf 84' lang='lat' dir='ltr'>duae</span> <span class='ocrx_word' id='word_1_622' title='bbox 2010 2199 2239 2235; x_wconf 73' lang='lat' dir='ltr'>eom‘Znatio-</span> 
     </span>
     <span class='ocr_line' id='line_1_92' title="bbox 1254 2259 2239 2305; baseline 0 -13"><span class='ocrx_word' id='word_1_623' title='bbox 1254 2270 1317 2293; x_wconf 85' lang='lat' dir='ltr'>nes</span> <span class='ocrx_word' id='word_1_624' title='bbox 1338 2260 1428 2293; x_wconf 82' lang='lat' dir='ltr'>tiunt</span> <span class='ocrx_word' id='word_1_625' title='bbox 1449 2259 1605 2305; x_wconf 83' lang='lat' dir='ltr'>inutiles,</span> <span class='ocrx_word' id='word_1_626' title='bbox 1627 2259 1710 2305; x_wconf 88' lang='lat' dir='ltr'>quia</span> <span class='ocrx_word' id='word_1_627' title='bbox 1731 2259 1826 2294; x_wconf 89' lang='lat' dir='ltr'>inter</span> <span class='ocrx_word' id='word_1_628' title='bbox 1847 2259 1982 2305; x_wconf 87' lang='lat' dir='ltr'>primas</span> <span class='ocrx_word' id='word_1_629' title='bbox 2002 2259 2065 2294; x_wconf 80' lang='lat' dir='ltr'>has</span> <span class='ocrx_word' id='word_1_630' title='bbox 2086 2259 2239 2304; x_wconf 83' lang='lat' dir='ltr'>qualita-</span> 
     </span>
     <span class='ocr_line' id='line_1_93' title="bbox 1255 2317 2240 2364; baseline 0 -13"><span class='ocrx_word' id='word_1_631' title='bbox 1255 2320 1309 2351; x_wconf 86' lang='lat' dir='ltr'>tes</span> <span class='ocrx_word' id='word_1_632' title='bbox 1333 2317 1461 2352; x_wconf 82' lang='lat' dir='ltr'>dantur</span> <span class='ocrx_word' id='word_1_633' title='bbox 1492 2318 1582 2352; x_wconf 86' lang='lat' dir='ltr'>duae</span> <span class='ocrx_word' id='word_1_634' title='bbox 1602 2318 1885 2362; x_wconf 78' lang='lat' dir='ltr'>contrarietateS,</span> <span class='ocrx_word' id='word_1_635' title='bbox 1915 2318 2023 2364; x_wconf 82' lang='lat' dir='ltr'>igitur</span> <span class='ocrx_word' id='word_1_636' title='bbox 2051 2320 2240 2352; x_wconf 85' lang='lat' dir='ltr'>remanent</span> 
     </span>
     <span class='ocr_line' id='line_1_94' title="bbox 1254 2375 2238 2421; baseline 0 -11"><span class='ocrx_word' id='word_1_637' title='bbox 1254 2375 1531 2410; x_wconf 72' lang='lat' dir='ltr'>c‹:›1n‘211at1011‹·s</span> <span class='ocrx_word' id='word_1_638' title='bbox 1556 2377 1591 2421; x_wconf 71' lang='lat'>4,</span> <span class='ocrx_word' id='word_1_639' title='bbox 1621 2376 1683 2421; x_wconf 92' lang='lat' dir='ltr'>qui</span> <span class='ocrx_word' id='word_1_640' title='bbox 1704 2379 1757 2411; x_wconf 87' lang='lat' dir='ltr'>est</span> <span class='ocrx_word' id='word_1_641' title='bbox 1779 2387 1947 2410; x_wconf 83' lang='lat' dir='ltr'>numerus</span> <span class='ocrx_word' id='word_1_642' title='bbox 1967 2376 2238 2411; x_wconf 88' lang='lat' dir='ltr'>elementorum.</span> 
     </span>
     <span class='ocr_line' id='line_1_95' title="bbox 1255 2434 2302 2480; baseline 0.001 -12"><span class='ocrx_word' id='word_1_643' title='bbox 1255 2434 1499 2479; x_wconf 79' lang='lat' dir='ltr'>Apposuimus</span> <span class='ocrx_word' id='word_1_644' title='bbox 1521 2435 1681 2475; x_wconf 69' lang='lat' dir='ltr'>Schema,</span> <span class='ocrx_word' id='word_1_645' title='bbox 1713 2434 1814 2477; x_wconf 82' lang='lat' dir='ltr'>(vide</span> <span class='ocrx_word' id='word_1_646' title='bbox 1835 2434 2004 2480; x_wconf 78' lang='lat' dir='ltr'>paginam</span> <span class='ocrx_word' id='word_1_647' title='bbox 2034 2434 2139 2468; x_wconf 89' lang='lat' dir='ltr'>titulo</span> <span class='ocrx_word' id='word_1_648' title='bbox 2168 2438 2238 2469; x_wconf 84' lang='lat' dir='ltr'>tra·</span> <span class='ocrx_word' id='word_1_649' title='bbox 2258 2444 2302 2478; x_wconf 70' lang='lat'>14</span> 
     </span>
     <span class='ocr_line' id='line_1_96' title="bbox 1254 2492 2238 2539; baseline 0 -12"><span class='ocrx_word' id='word_1_650' title='bbox 1254 2495 1369 2527; x_wconf 85' lang='lat' dir='ltr'>ctatus</span> <span class='ocrx_word' id='word_1_651' title='bbox 1405 2492 1639 2539; x_wconf 84' lang='lat' dir='ltr'>proximam)</span> <span class='ocrx_word' id='word_1_652' title='bbox 1670 2503 1740 2538; x_wconf 91' lang='lat' dir='ltr'>quo</span> <span class='ocrx_word' id='word_1_653' title='bbox 1769 2493 1870 2535; x_wconf 82' lang='lat' dir='ltr'>origo</span> <span class='ocrx_word' id='word_1_654' title='bbox 1893 2493 2163 2527; x_wconf 66' lang='lat' dir='ltr'>l⁴Ilemcntorum</span> <span class='ocrx_word' id='word_1_655' title='bbox 2191 2504 2238 2527; x_wconf 78' lang='lat' dir='ltr'>ex</span> 
     </span>
     <span class='ocr_line' id='line_1_97' title="bbox 1257 2551 2239 2597; baseline -0.001 -13"><span class='ocrx_word' id='word_1_656' title='bbox 1257 2551 1385 2596; x_wconf 87' lang='lat' dir='ltr'>primis</span> <span class='ocrx_word' id='word_1_657' title='bbox 1433 2551 1666 2597; x_wconf 86' lang='lat' dir='ltr'>qualitatibus</span> <span class='ocrx_word' id='word_1_658' title='bbox 1716 2552 1912 2585; x_wconf 87' lang='lat' dir='ltr'>luculenter</span> <span class='ocrx_word' id='word_1_659' title='bbox 1960 2551 2239 2586; x_wconf 84' lang='lat' dir='ltr'>demonstratur.</span> 
     </span>
     <span class='ocr_line' id='line_1_98' title="bbox 1256 2609 2240 2655; baseline 0 -12"><span class='ocrx_word' id='word_1_660' title='bbox 1256 2610 1370 2644; x_wconf 82' lang='lat' dir='ltr'>Porro</span> <span class='ocrx_word' id='word_1_661' title='bbox 1392 2610 1443 2644; x_wconf 93' lang='lat' dir='ltr'>uti</span> <span class='ocrx_word' id='word_1_662' title='bbox 1465 2620 1511 2643; x_wconf 82' lang='lat' dir='ltr'>ex</span> <span class='ocrx_word' id='word_1_663' title='bbox 1532 2609 1586 2644; x_wconf 88' lang='lat' dir='ltr'>bis</span> <span class='ocrx_word' id='word_1_664' title='bbox 1608 2610 1671 2644; x_wconf 86' lang='lat' dir='ltr'>illa</span> <span class='ocrx_word' id='word_1_665' title='bbox 1693 2609 1999 2655; x_wconf 66' lang='lat' dir='ltr'>Aristoteles,</span> <span class='ocrx_word' id='word_1_666' title='bbox 2030 2610 2080 2644; x_wconf 80' lang='lat' dir='ltr'>ita</span> <span class='ocrx_word' id='word_1_667' title='bbox 2101 2620 2147 2645; x_wconf 89' lang='lat' dir='ltr'>ex</span> <span class='ocrx_word' id='word_1_668' title='bbox 2168 2610 2240 2644; x_wconf 86' lang='lat' dir='ltr'>illis</span> 
     </span>
     <span class='ocr_line' id='line_1_99' title="bbox 1260 2668 2240 2714; baseline 0 -12"><span class='ocrx_word' id='word_1_669' title='bbox 1260 2668 1279 2702; x_wconf 76' lang='lat'><strong>4</strong></span> <span class='ocrx_word' id='word_1_670' title='bbox 1315 2671 1599 2714; x_wconf 81' lang='lat' dir='ltr'>temperamenta</span> <span class='ocrx_word' id='word_1_671' title='bbox 1633 2669 1854 2713; x_wconf 68' lang='lat' dir='ltr'>Galenus,</span> <span class='ocrx_word' id='word_1_672' title='bbox 1891 2669 2088 2714; x_wconf 86' lang='lat' dir='ltr'>horumque</span> <span class='ocrx_word' id='word_1_673' title='bbox 2121 2668 2240 2702; x_wconf 80' lang='lat' dir='ltr'>varias</span> 
     </span>
     <span class='ocr_line' id='line_1_100' title="bbox 1258 2726 2241 2772; baseline 0 -12"><span class='ocrx_word' id='word_1_674' title='bbox 1258 2727 1454 2761; x_wconf 84' lang='lat' dir='ltr'>mixtiones</span> <span class='ocrx_word' id='word_1_675' title='bbox 1489 2726 1617 2761; x_wconf 90' lang='lat' dir='ltr'>medici</span> <span class='ocrx_word' id='word_1_676' title='bbox 1654 2727 1870 2772; x_wconf 82' lang='lat' dir='ltr'>posteriores</span> <span class='ocrx_word' id='word_1_677' title='bbox 1905 2727 2075 2761; x_wconf 69' lang='lat' dir='ltr'>elic-new:</span> <span class='ocrx_word' id='word_1_678' title='bbox 2111 2727 2241 2771; x_wconf 84' lang='lat' dir='ltr'>quibus·</span> 
     </span>
     <span class='ocr_line' id='line_1_101' title="bbox 1258 2784 2237 2832; baseline 0 -14"><span class='ocrx_word' id='word_1_679' title='bbox 1258 2785 1368 2819; x_wconf 84' lang='lat' dir='ltr'>omnil</span> <span class='ocrx_word' id='word_1_680' title='bbox 1377 2796 1426 2819; x_wconf 73' lang='lat' dir='ltr'>»us</span> <span class='ocrx_word' id='word_1_681' title='bbox 1438 2784 1517 2827; x_wconf 81' lang='lat' dir='ltr'>jam</span> <span class='ocrx_word' id='word_1_682' title='bbox 1533 2785 1707 2831; x_wconf 84' lang='lat' dir='ltr'>superiori</span> <span class='ocrx_word' id='word_1_683' title='bbox 1725 2786 1842 2820; x_wconf 81' lang='lat' dir='ltr'>seculo</span> <span class='ocrx_word' id='word_1_684' title='bbox 1857 2797 1894 2820; x_wconf 85' lang='lat' dir='ltr'>se</span> <span class='ocrx_word' id='word_1_685' title='bbox 1910 2785 2079 2832; x_wconf 86' lang='lat' dir='ltr'>opposuit</span> <span class='ocrx_word' id='word_1_686' title='bbox 2087 2785 2114 2819; x_wconf 73' lang='lat' dir='ltr'>(J</span> <span class='ocrx_word' id='word_1_687' title='bbox 2125 2785 2133 2818; x_wconf 94' lang='grc'><strong>1</strong></span> <span class='ocrx_word' id='word_1_688' title='bbox 2144 2797 2163 2818; x_wconf 88' lang='lat' dir='ltr'>a</span> <span class='ocrx_word' id='word_1_689' title='bbox 2174 2785 2237 2819; x_wconf 89' lang='lat' dir='ltr'>ud.</span> 
     </span>
     <span class='ocr_line' id='line_1_102' title="bbox 1257 2843 2237 2889; baseline -0.001 -12"><span class='ocrx_word' id='word_1_690' title='bbox 1257 2844 1554 2889; x_wconf 67' lang='lat' dir='ltr'>Campi-usius</span> <span class='ocrx_word' id='word_1_691' title='bbox 1582 2844 1818 2879; x_wconf 68' lang='lat' dir='ltr'>animadvers.</span> <span class='ocrx_word' id='word_1_692' title='bbox 1848 2844 2001 2878; x_wconf 81' lang='lat' dir='ltr'>natural.</span> <span class='ocrx_word' id='word_1_693' title='bbox 2031 2843 2068 2877; x_wconf 93' lang='lat' dir='ltr'>in</span> <span class='ocrx_word' id='word_1_694' title='bbox 2098 2843 2237 2877; x_wconf 87' lang='lat' dir='ltr'>Arist.</span> 
     </span>
     <span class='ocr_line' id='line_1_103' title="bbox 1259 2900 2237 2947; baseline -0.001 -10"><span class='ocrx_word' id='word_1_695' title='bbox 1259 2906 1291 2937; x_wconf 87' lang='lat' dir='ltr'>et</span> <span class='ocrx_word' id='word_1_696' title='bbox 1305 2903 1334 2935; x_wconf 77' lang='grc' dir='ltr'>(ἰ“</span> <span class='ocrx_word' id='word_1_697' title='bbox 1346 2903 1458 2936; x_wconf 85' lang='lat' dir='ltr'>alen.</span> <span class='ocrx_word' id='word_1_698' title='bbox 1474 2902 1602 2946; x_wconf 85' lang='lat' dir='ltr'>adject.</span> <span class='ocrx_word' id='word_1_699' title='bbox 1619 2903 1663 2937; x_wconf 83' lang='lat' dir='ltr'>ad</span> <span class='ocrx_word' id='word_1_700' title='bbox 1680 2903 1779 2937; x_wconf 48' lang='lat' dir='ltr'>(Ioni.</span> <span class='ocrx_word' id='word_1_701' title='bbox 1797 2902 1840 2945; x_wconf 84' lang='lat' dir='ltr'>ej.</span> <span class='ocrx_word' id='word_1_702' title='bbox 1861 2903 1899 2936; x_wconf 92' lang='lat' dir='ltr'>in</span> <span class='ocrx_word' id='word_1_703' title='bbox 1917 2902 2009 2947; x_wconf 79' lang='lat' dir='ltr'>Aph.</span> <span class='ocrx_word' id='word_1_704' title='bbox 2025 2900 2174 2947; x_wconf 89' lang='lat' dir='ltr'>llippo</span> <span class='ocrx_word' id='word_1_705' title='bbox 2183 2914 2200 2936; x_wconf 90' lang='lat' dir='ltr'>c</span> <span class='ocrx_word' id='word_1_706' title='bbox 2211 2914 2237 2936; x_wconf 92' lang='lat' dir='ltr'>r.</span> 
     </span>
     <span class='ocr_line' id='line_1_104' title="bbox 1258 2962 1381 2995; baseline 0 -1"><span class='ocrx_word' id='word_1_707' title='bbox 1258 2962 1313 2995; x_wconf 79' lang='lat' dir='ltr'>ed.</span> <span class='ocrx_word' id='word_1_708' title='bbox 1347 2964 1381 2994; x_wconf 65' lang='grc' dir='ltr'><strong>ὃ.</strong></span> 
     </span>
     <span class='ocr_line' id='line_1_105' title="bbox 1258 3018 2238 3061; baseline -0.001 -7"><span class='ocrx_word' id='word_1_709' title='bbox 1258 3019 1499 3054; x_wconf 87' lang='lat' dir='ltr'>comnnmiter</span> <span class='ocrx_word' id='word_1_710' title='bbox 1516 3021 1562 3054; x_wconf 86' lang='lat' dir='ltr'>ab</span> <span class='ocrx_word' id='word_1_711' title='bbox 1580 3019 1825 3055; x_wconf 79' lang='lat' dir='ltr'>Aritlnneticis</span> <span class='ocrx_word' id='word_1_712' title='bbox 1850 3018 2079 3061; x_wconf 72' lang='lat' dir='ltr'>distinguitur</span> <span class='ocrx_word' id='word_1_713' title='bbox 2101 3018 2135 3052; x_wconf 91' lang='lat' dir='ltr'>in</span> <span class='ocrx_word' id='word_1_714' title='bbox 2152 3018 2238 3053; x_wconf 82' lang='lat' dir='ltr'>Nu—</span> 
     </span>
     <span class='ocr_line' id='line_1_106' title="bbox 1260 3073 2237 3124; baseline -0.002 -12"><span class='ocrx_word' id='word_1_715' title='bbox 1260 3089 1423 3113; x_wconf 90' lang='lat' dir='ltr'>merum</span> <span class='ocrx_word' id='word_1_716' title='bbox 1444 3078 1565 3113; x_wconf 83' lang='lat' dir='ltr'>stricte</span> <span class='ocrx_word' id='word_1_717' title='bbox 1586 3078 1721 3113; x_wconf 86' lang='lat' dir='ltr'>dictmn</span> <span class='ocrx_word' id='word_1_718' title='bbox 1745 3080 1784 3112; x_wconf 90' lang='lat' dir='ltr'>ut</span> <span class='ocrx_word' id='word_1_719' title='bbox 1810 3077 1844 3110; x_wconf 68' lang='lat'>23.</span> <span class='ocrx_word' id='word_1_720' title='bbox 1871 3076 2100 3122; x_wconf 64' lang='lat' dir='ltr'>l⁴¹ractnm,</span> <span class='ocrx_word' id='word_1_721' title='bbox 2129 3080 2169 3111; x_wconf 87' lang='lat' dir='ltr'>ut</span> <span class='ocrx_word' id='word_1_722' title='bbox 2199 3073 2237 3124; x_wconf 69' lang='grc' dir='ltr'>Ϊξ,</span> 
     </span>
     <span class='ocr_line' id='line_1_107' title="bbox 1260 3136 2238 3180; baseline -0.001 -9"><span class='ocrx_word' id='word_1_723' title='bbox 1260 3137 1450 3171; x_wconf 67' lang='lat' dir='ltr'>Surdum</span> <span class='ocrx_word' id='word_1_724' title='bbox 1478 3140 1517 3171; x_wconf 87' lang='lat' dir='ltr'>ut</span> <span class='ocrx_word' id='word_1_725' title='bbox 1546 3136 1634 3171; x_wconf 81' lang='lat' dir='ltr'>Rad.</span> <span class='ocrx_word' id='word_1_726' title='bbox 1668 3137 1703 3170; x_wconf 77' lang='lat'>3.</span> <span class='ocrx_word' id='word_1_727' title='bbox 1741 3136 1777 3170; x_wconf 89' lang='lat' dir='ltr'>id</span> <span class='ocrx_word' id='word_1_728' title='bbox 1806 3137 1859 3169; x_wconf 80' lang='lat' dir='ltr'>est</span> <span class='ocrx_word' id='word_1_729' title='bbox 1887 3145 2076 3169; x_wconf 86' lang='lat' dir='ltr'>munerum</span> <span class='ocrx_word' id='word_1_730' title='bbox 2104 3136 2162 3180; x_wconf 93' lang='lat' dir='ltr'>qui</span> <span class='ocrx_word' id='word_1_731' title='bbox 2201 3136 2238 3170; x_wconf 92' lang='lat' dir='ltr'>in</span> 
     </span>
     <span class='ocr_line' id='line_1_108' title="bbox 1261 3193 2239 3239; baseline -0.005 -11"><span class='ocrx_word' id='word_1_732' title='bbox 1261 3207 1298 3229; x_wconf 79' lang='lat' dir='ltr'>se</span> <span class='ocrx_word' id='word_1_733' title='bbox 1319 3196 1444 3230; x_wconf 83' lang='lat' dir='ltr'>ductus</span> <span class='ocrx_word' id='word_1_734' title='bbox 1465 3195 1573 3229; x_wconf 79' lang='lat' dir='ltr'>eflicit</span> <span class='ocrx_word' id='word_1_735' title='bbox 1597 3195 1639 3239; x_wconf 75' lang='lat'>3,</span> <span class='ocrx_word' id='word_1_736' title='bbox 1669 3193 1785 3239; x_wconf 76' lang='lat' dir='ltr'>qualis</span> <span class='ocrx_word' id='word_1_737' title='bbox 1816 3193 1851 3226; x_wconf 91' lang='lat' dir='ltr'>in</span> <span class='ocrx_word' id='word_1_738' title='bbox 1872 3203 1992 3228; x_wconf 87' lang='lat' dir='ltr'>rerum</span> <span class='ocrx_word' id='word_1_739' title='bbox 2015 3197 2143 3228; x_wconf 73' lang='lat' dir='ltr'>natura</span> <span class='ocrx_word' id='word_1_740' title='bbox 2164 3204 2239 3228; x_wconf 76' lang='lat' dir='ltr'>non</span> 
     </span>
     <span class='ocr_line' id='line_1_109' title="bbox 1262 3251 2239 3299; baseline -0.002 -12"><span class='ocrx_word' id='word_1_741' title='bbox 1262 3256 1334 3299; x_wconf 73' lang='lat' dir='ltr'>est,</span> <span class='ocrx_word' id='word_1_742' title='bbox 1371 3254 1432 3288; x_wconf 79' lang='lat' dir='ltr'>sed</span> <span class='ocrx_word' id='word_1_743' title='bbox 1473 3252 1640 3297; x_wconf 67' lang='lat' dir='ltr'>anzdogia</span> <span class='ocrx_word' id='word_1_744' title='bbox 1684 3251 1914 3295; x_wconf 64' lang='lat' dir='ltr'>intelligitur,</span> <span class='ocrx_word' id='word_1_745' title='bbox 1957 3254 1993 3285; x_wconf 79' lang='lat' dir='ltr'>et</span> <span class='ocrx_word' id='word_1_746' title='bbox 2036 3252 2239 3286; x_wconf 82' lang='lat' dir='ltr'>denomi-</span> 
     </span>
     <span class='ocr_line' id='line_1_110' title="bbox 1262 3310 2237 3357; baseline -0.002 -12"><span class='ocrx_word' id='word_1_747' title='bbox 1262 3315 1436 3356; x_wconf 82' lang='lat' dir='ltr'>natum,</span> <span class='ocrx_word' id='word_1_748' title='bbox 1480 3321 1585 3357; x_wconf 89' lang='lat' dir='ltr'>quem</span> <span class='ocrx_word' id='word_1_749' title='bbox 1622 3310 1684 3344; x_wconf 85' lang='lat' dir='ltr'>alii</span> <span class='ocrx_word' id='word_1_750' title='bbox 1720 3312 1851 3343; x_wconf 75' lang='lat' dir='ltr'>vocant.</span> <span class='ocrx_word' id='word_1_751' title='bbox 1890 3311 2097 3356; x_wconf 78' lang='lat' dir='ltr'>figuratum,</span> <span class='ocrx_word' id='word_1_752' title='bbox 2143 3321 2174 3343; x_wconf 83' lang='lat' dir='ltr'>v.</span> <span class='ocrx_word' id='word_1_753' title='bbox 2206 3322 2237 3354; x_wconf 75' lang='lat' dir='ltr'>g.</span> 
     </span>
     <span class='ocr_line' id='line_1_111' title="bbox 1263 3368 2239 3416; baseline -0.002 -11"><span class='ocrx_word' id='word_1_754' title='bbox 1263 3371 1488 3416; x_wconf 80' lang='lat' dir='ltr'>quadratum,</span> <span class='ocrx_word' id='word_1_755' title='bbox 1507 3369 1680 3413; x_wconf 87' lang='lat' dir='ltr'>cubicum,</span> <span class='ocrx_word' id='word_1_756' title='bbox 1700 3368 1895 3415; x_wconf 78' lang='lat' dir='ltr'>pronicum.</span> <span class='ocrx_word' id='word_1_757' title='bbox 1928 3368 1985 3403; x_wconf 84' lang='lat' dir='ltr'>Ex</span> <span class='ocrx_word' id='word_1_758' title='bbox 2001 3368 2128 3403; x_wconf 86' lang='lat' dir='ltr'>horum</span> <span class='ocrx_word' id='word_1_759' title='bbox 2144 3378 2239 3404; x_wconf 77' lang='lat' dir='ltr'>eom-</span> 
     </span>
    </p>
   </div>
   <div class='ocr_carea' id='block_1_11' title="bbox 1428 2959 2361 3005">
    <p class='ocr_par' dir='ltr' id='par_1_12' title="bbox 1428 2959 2361 3005">
     <span class='ocr_line' id='line_1_112' title="bbox 1428 2959 2361 3005; baseline 0 -10"><span class='ocrx_word' id='word_1_760' title='bbox 1428 2961 1591 3005; x_wconf 84' lang='lat' dir='ltr'>Lugduni</span> <span class='ocrx_word' id='word_1_761' title='bbox 1627 2972 1725 2995; x_wconf 84' lang='lat' dir='ltr'>anno</span> <span class='ocrx_word' id='word_1_762' title='bbox 1766 2961 1885 2996; x_wconf 78' lang='grc'><strong>1576.</strong></span> <span class='ocrx_word' id='word_1_763' title='bbox 1920 2960 1981 2994; x_wconf 92' lang='grc'><strong>111.</strong></span> <span class='ocrx_word' id='word_1_764' title='bbox 2016 2959 2305 3000; x_wconf 66' lang='grc' dir='ltr'>’ΝυιιιιϊυεΙ5</span> <span class='ocrx_word' id='word_1_765' title='bbox 2355 2980 2361 3005; x_wconf 60' lang='lat' dir='ltr'>l</span> 
     </span>
    </p>
   </div>
   <div class='ocr_carea' id='block_1_12' title="bbox 2344 3201 2361 3643">
    <p class='ocr_par' dir='ltr' id='par_1_13' title="bbox 2344 3201 2361 3643">
     <span class='ocr_line' id='line_1_113' title="bbox 2344 3201 2361 3643; baseline 0 0"><span class='ocrx_word' id='word_1_766' title='bbox 2344 3201 2361 3643; x_wconf 95' lang='lat' dir='ltr'> </span> 
     </span>
    </p>
   </div>
  </div>
 </body>
</html>
