2361 3643
618 127 815 165 LXXXII.
875 127 946 164 AD
977 126 1068 163 DES
1099 126 1264 164 BOSSES
1295 119 1563 163 EPISTOLAE
1593 126 1702 164 XIX.

82 236 180 273 cam,
209 223 354 259 mallem
387 220 587 258 accidentia
607 221 854 258 Eucharistica
876 221 1050 267 explicari
1072 231 1137 268 per

82 285 351 332 phaenomena3
387 281 438 316 ita
473 291 545 316 non
576 280 645 315 erit
675 291 765 327 opus
793 279 1035 327 accidentibus
1062 289 1135 316 non

81 340 312 387 modalibus,
330 350 426 386 quae
448 349 575 386 parum
597 339 712 385 capio.

138 399 338 435 Subtiliora
372 398 480 445 paulo
514 400 596 432 sunt
622 397 819 443 quaedam,
855 406 947 442 quae
983 394 1028 431 de
1054 395 1135 431 Deo

81 457 221 505 optima
237 458 392 504 eligente
412 456 584 492 Ruzius
604 458 640 490 et
661 454 898 491 Martinus
918 453 1135 490 Perezius
1164 469 1165 488 1

81 519 199 551 vester
234 516 388 562 liabent,
434 518 470 550 et
506 514 709 559 indigerent
744 513 1061 560 interpretatione:
1096 512 1135 547 in

81 584 224 609 summa
259 578 380 609 tamen
415 585 438 609 a
467 572 558 607 meis
595 572 699 607 valde
733 572 927 606 abhorrere
957 571 1135 607 videntur.

79 632 206 679 Itaque
241 632 374 668 multas
410 642 477 678 pro
515 630 843 666 communicatione
882 629 1017 675 gratias
1052 640 1133 674 ago.

79 691 175 736 Ago.
197 692 306 727 etiam
341 690 516 737 plurimas
553 700 618 734 pro
646 688 845 724 Meldensis
880 687 1049 734 Episcopi
1083 688 1135 723 in-

81 749 278 785 structione
312 747 508 795 pastorali,
543 757 654 793 quam
687 747 864 793 percurri,
900 749 935 781 et
964 746 1135 782 subtilem

81 807 372 853 profundamque
400 805 638 852 deprehendo.
696 805 789 840 Illud
818 815 962 852 vereor,
992 815 1037 840 ne
1058 805 1135 852 plu-

80 866 325 912 llinla„quae
359 864 397 899 in
431 864 656 899 Jansenio
692 862 1022 911 reprehenduntur,
1064 864 1136 898 sint
1165 870 1167 901 ἰ

79 923 194 970 ipsius
220 923 496 970 Augustini,
532 922 594 968 qui
621 923 774 968 ipsemet
803 922 913 957 etiam
941 923 1072 957 miram
1094 922 1135 957 il·

80 981 154 1016 lam
181 981 518 1028 interpretationem
548 981 674 1028 babet,
710 981 806 1027 quod
827 981 926 1016 Deus
956 991 1028 1016 non
1049 980 1135 1016 velit

79 1036 220 1075 salvare
241 1040 381 1085 singula
402 1050 586 1086 generum,
608 1039 669 1074 sed
690 1050 821 1084 genera
841 1039 1076 1086 singulorum.

137 1098 302 1133 Titulum
336 1099 578 1134 tentaminum
614 1097 881 1144 Tlieodicaeae,
924 1098 994 1133 nisi
1028 1098 1134 1133 aliter

77 1155 230 1203 judicas,
254 1156 389 1192 servari
412 1168 515 1203 posse
537 1159 681 1203 putem,
717 1159 770 1191 est
791 1157 888 1191 enim
909 1156 1133 1192 Tlieodicaea

78 1215 184 1260 quasi
219 1215 388 1252 scientiae
423 1215 606 1262 quoddam
634 1225 765 1261 genus,
802 1216 967 1251 doctrina
1000 1216 1134 1251 scilicet

78 1273 123 1308 de
139 1273 268 1317 jusitia
291 1274 356 1320 (id
377 1277 431 1309 est
453 1274 630 1320 sapientia
651 1274 759 1309 simul
779 1277 815 1308 et
835 1274 1026 1319 bonitate)
1053 1274 1131 1309 Dei.

137 1332 324 1372 Quaenam
353 1336 407 1367 est
427 1332 491 1367 illa
512 1332 658 1367 tandem
680 1332 842 1368 definitio
863 1332 1029 1368 Romana
1050 1343 1133 1368 cau·
1161 1359 1163 1365 ,

78 1399 138 1424 sae
157 1389 335 1435 Sinensis,
358 1390 403 1425 de
423 1400 492 1435 qua
520 1390 675 1425 multum
697 1401 902 1426 sermonem
930 1401 1007 1426 esse
1029 1391 1133 1425 intel·
1160 1399 1163 1429 ι

77 1447 170 1493 ligO,
198 1450 235 1482 et
260 1448 318 1483 cui
348 1459 385 1482 se
414 1449 524 1483 vestri
545 1448 684 1483 Romae
705 1449 927 1484 submisereil
987 1449 1023 1484 Si
1044 1449 1134 1484 Tur-
1162 1487 1163 1498 ἶ

77 1505 236 1541 noniana
263 1505 405 1540 decreta
433 1506 673 1541 confimantur
701 1507 779 1541 sine
800 1506 1069 1553 moderatione,
1099 1510 1135 1542 et

78 1563 148 1599 nisi
187 1564 288 1599 curia
308 1564 475 1600 Romana
509 1575 588 1598 rem
622 1564 775 1599 artificio
811 1564 932 1609 aliquo
969 1565 1134 1611 involvit,

78 1632 224 1669 vereor,
247 1633 291 1658 ne
307 1622 466 1658 Sinensis
488 1622 611 1657 missio
632 1625 858 1669 pessumeat,
889 1622 986 1668 quod
1008 1623 1133 1658 nolim.
1162 1615 1163 1646 ἶ

76 1680 219 1728 Nescio,
243 1692 289 1716 an
317 1681 360 1716 R.
381 1681 422 1716 P.
449 1681 733 1717 Turnemino
768 1680 1040 1727 significaveris,
1077 1691 1135 1715 me

77 1739 224 1773 annales
244 1740 454 1774 molientem
474 1740 558 1774 inde
579 1740 625 1775 ab
648 1739 754 1774 initio
775 1739 875 1786 regni
905 1739 1062 1774 Caroli
1082 1739 1135 1775 M.

73 1796 154 1840 jam
178 1796 454 1842 Carolingos
490 1798 585 1833 ultra
615 1809 727 1843 usque
756 1798 802 1833 ad
824 1798 986 1833 Saxones
1007 1798 1134 1845 Reges,

81 1855 139 1889 vel
159 1855 401 1901 Imperatores
435 1856 660 1902 pervenisse,
696 1867 767 1902 qua
803 1857 992 1892 occasione
1025 1857 1137 1892 etiam
1164 1846 1167 1894 ἶ

77 1904 268 1959 Papissmn
317 1914 535 1949 discutiendi
576 1914 766 1949 necessitas
808 1914 886 1949 suit.
955 1914 1060 1955 Quod
1104 1915 1134 1949 si

78 1972 122 2007 R.
144 1972 183 2006 P.
211 1972 379 2006 Daniel
415 1971 451 2006 in
482 1972 574 2017 suis,
612 1983 703 2018 quos
731 1972 797 2007 sub
826 1972 994 2007 manibus
1016 1973 1134 2017 habet,

80 2029 302 2065 Francorum
323 2029 526 2077 annalibus,
548 2031 616 2065 liue
637 2041 750 2076 usque
768 2031 877 2065 etiam
892 2031 1077 2076 processit,
1099 2030 1136 2064 in

79 2088 202 2123 multis
231 2088 339 2124 credo
365 2089 641 2135 conveniemus,
677 2092 713 2123 et
741 2088 771 2122 si
807 2099 878 2134 qua
914 2091 1138 2134 superessent

79 2147 209 2192 dubia,
247 2158 434 2192 possemus
461 2148 633 2182 conferre.
696 2146 976 2192 Chronologiam
1005 2146 1055 2181 sie
1084 2157 1137 2180 sa·
1168 2176 1169 2194 ζ

79 2205 126 2239 tis
147 2206 375 2240 constituisse
403 2206 493 2240 milii
516 2206 649 2241 videor.
712 2205 818 2247 Quod
847 2209 1029 2251 superest,
1058 2205 1138 2239 vale

77 2266 113 2298 et
134 2264 228 2297 save.

137 2321 282 2358 Dabam
302 2322 516 2358 Hanoverae
542 2322 607 2358 15.
631 2321 735 2358 Febr.
764 2321 889 2356 1712.

671 2380 926 2415 Deditissimus

531 2440 575 2474 G.
617 2440 661 2474 G.
704 2438 1048 2474 Leibnitius.

139 2496 180 2531 P.
216 2497 250 2532 S.
311 2497 421 2533 Venit
441 2497 637 2543 aliquando
674 2498 711 2533 111
743 2500 901 2533 mentem
931 2500 1067 2542 optare.
1099 2499 1139 2530 ut
1168 2492 1170 2514 ³

80 2554 244 2589 virorum
282 2558 423 2589 vestrae
459 2556 640 2591 societatis
676 2556 714 2590 in
744 2556 852 2590 relius
877 2555 1140 2590 Matliematicis

80 2615 306 2647 wrsatoruin
337 2624 406 2659 ope
440 2614 711 2649 observationes
748 2613 961 2649 variationis
991 2612 1139 2656 Magne-

81 2672 171 2705 ticae
191 2682 255 2717 per
276 2671 402 2706 orbem
423 2672 654 2707 continuatae
674 2682 854 2707 annorum
873 2671 1002 2716 studio,
1026 2672 1136 2707 colla-

81 2732 189 2774 taque
230 2739 361 2775 opera,
393 2729 686 2777 instituerentur,
721 2740 811 2775 quae
847 2740 903 2764 res
930 2729 1061 2763 summi
1084 2732 1137 2764 est

79 2787 255 2822 momenti
276 2786 322 2822 ad
342 2787 610 2833 Geograpliiam
631 2791 666 2823 et
685 2787 944 2833 navigationes,
967 2790 1002 2821 et
1022 2797 1043 2821 a
1059 2788 1137 2822 nul-
1170 2782 1172 2817 1

80 2845 125 2880 115
159 2845 242 2880 aliis
277 2845 503 2881 commodius
538 2846 614 2880 fieri
649 2849 779 2892 posset.
841 2846 929 2880 Post
958 2845 1138 2881 Gilber-
1168 2850 1169 2881 l

80 2907 157 2938 tum
186 2904 365 2951 Anglum,
402 2904 463 2950 qui
496 2903 634 2950 primus
663 2904 768 2948 hujus
798 2903 983 2939 doctrinae
1011 2903 1135 2939 sunda·
1167 2906 1169 2924 ³

80 2963 365 3009 mentaposuit,
386 2973 491 2998 nemo
513 2962 641 2997 melius
669 2962 713 2997 de
734 2961 943 3006 magnetieis
965 2961 1135 2997 observa·
1166 2994 1168 3016 h

80 3020 240 3056 tionibus
269 3022 421 3057 meritus
442 3024 513 3067 est,
551 3032 660 3066 quam
682 3022 812 3067 vestri,
848 3030 1004 3065 quorum
1024 3020 1134 3055 etiam
1166 3018 1168 3055 ἶ

78 3076 179 3121 justa
199 3090 311 3126 opera
331 3083 477 3126 extant,
499 3080 555 3115 Ca
567 3080 723 3126 baeus,
746 3078 1009 3126 Kireherus,
1031 3078 1134 3115 Leo-
1165 3059 1168 3142 i

83 3137 268 3184 taudus,
290 3138 364 3174 alii.
423 3138 528 3180 Quod
558 3139 588 3173 si
611 3138 718 3174 vestri
738 3137 801 3184 qui
822 3148 884 3183 per
905 3137 1032 3172 orbem
1052 3137 1135 3173 inde

83 3204 105 3229 a
127 3195 338 3231 lx'ircheri
366 3198 612 3245 temporibus,
648 3195 881 3243 quotannis,
918 3195 1133 3242 ubieunque,

82 3253 351 3290 Mathematum
372 3257 480 3304 periti
501 3260 631 3304 agunt,
652 3256 730 3292 sive
750 3255 833 3292 fixis
862 3254 1029 3303 sedibus,
1059 3255 1135 3290 sive

2154 129 2234 169 681

1191 220 1229 255 in
1257 220 1446 256 itineribus
1475 220 1727 256 observassent
1757 231 1935 267 quaenam
1963 222 2010 258 sit
2031 225 2107 259 tam
2134 224 2242 261 dccli-

1191 279 1292 314 natio
1322 279 1575 325 horizontalis,
1605 289 1714 325 quam
1743 279 1931 316 inclinatio
1959 281 2140 318 verticalis
2166 295 2243 320 ma-

1164 355 1167 366 1
1191 337 1344 384 guetica,
1366 341 1401 372 et
1423 338 1692 373 observationes
1713 338 1752 372 in
1772 339 1911 374 litteras
1930 340 2152 388 retulisse-nt,
2181 343 2243 378 ha-

1192 396 1357 431 beremus
1384 396 1490 432 hodie
1510 396 1733 432 Tlicsaurum
1754 397 2068 445 observationum,
2099 411 2145 436 ex
2165 401 2244 446 qui-

1193 455 1260 491 bus
1287 455 1439 490 fortasse
1469 454 1549 498 jam
1570 458 1649 489 tum
1684 455 1813 499 conjici
1848 467 1889 491 ae
1918 457 2076 503 praedici
2105 462 2242 506 posset,

1192 513 1322 548 saltem
1342 513 1380 548 111
1400 513 1537 559 aliquot
1557 523 1683 559 anDOS,
1706 523 1797 559 quae
1817 514 1854 549 111
1883 516 2049 561 plurimis
2072 517 2159 552 locis
2180 518 2243 553 de·
2277 546 2281 549 ⁴

1193 572 1278 606 beat
1305 582 1383 607 esse
1411 572 1574 607 variatio.
1636 571 1741 606 Unde
1769 571 1961 610 observata
1983 575 2183 611 variatione
2204 577 2243 612 in

1165 630 1167 676 ζ
1194 630 1313 665 medio
1334 629 1438 677 mari,
1461 629 1724 674 conjunctaque
1744 641 1825 666 cum
1847 632 1920 678 poli
1943 632 2155 680 elevatione,
2178 635 2240 670 lia-

1193 687 1272 724 beri
1291 688 1390 724 Iocus
1413 691 1552 735 posset,
1584 692 1619 723 et
1640 688 1786 724 tandem
1808 691 1886 724 erui
1907 691 2058 738 limites,
2087 693 2242 741 periodi,

1166 756 1167 806 ζ
1193 748 1289 792 leges
1316 747 1547 791 variationis,
1584 749 1620 782 et
1649 747 1802 783 fortasse
1832 749 1940 784 etiam
1962 749 2055 785 ratio
2077 752 2167 786 tanti
2188 762 2245 787 ar-

1166 836 1167 848 .
1193 816 1285 841 cani.

1346 805 1444 840 Nihil
1472 810 1592 841 autem
1622 805 1810 853 prohibet,
1854 808 1950 852 quod
1979 808 2146 844 hactenus
2183 820 2244 845 ne-

1193 865 1351 909 glectum
1369 868 1434 911 est,
1455 865 1570 899 adhuc
1590 864 1719 910 curari,
1743 868 1777 899 et
1793 865 1920 901 saltem
1937 867 2074 902 consuli
2091 868 2244 914 posteri-

1165 921 1280 972 Jtati,
1322 922 1375 958 uti
1411 923 1561 959 arbores
1590 922 1751 957 venturis
1784 924 2008 970 plantamus3
2046 926 2245 972 saltemque

1164 981 1396 1034 ·'proliibe1·i,
1431 993 1477 1017 ne
1506 981 1637 1027 aliquis
1664 984 1745 1027 post
1773 982 1904 1017 multos
1932 994 2048 1018 annos
2077 984 2120 1020 de
2141 996 2244 1031 prae-

1163 1042 1165 1068 1
1193 1043 1293 1075 sente
1321 1040 1485 1085 neglectu
1509 1039 1610 1086 queri
1641 1038 1723 1083 jure
1751 1040 1883 1086 possit,
1921 1044 1961 1075 ut
1987 1052 2053 1076 nos
2081 1053 2174 1078 nune
2201 1043 2246 1079 de

1192 1099 1387 1145 praeterito
1422 1098 1614 1145 querimur.
1676 1099 1802 1144 Itaque
1838 1099 2103 1145 propemodum
2129 1101 2246 1136 audeo

1192 1168 1213 1192 a
1234 1160 1269 1192 te
1289 1160 1422 1204 petere,
1445 1161 1485 1192 ut
1506 1167 1582 1192 rem
1604 1155 1650 1191 ad
1671 1156 1714 1191 R.
1736 1157 1774 1192 P.
1796 1157 2111 1193 Ptolomaeum
2133 1158 2245 1202 (cum

1191 1216 1307 1251 multa
1347 1227 1369 1251 a
1411 1226 1469 1251 me
1507 1216 1646 1258 salute)
1688 1215 1828 1251 deferas
1868 1215 2016 1263 ejusque
2055 1217 2247 1253 consilium

1162 1317 1163 1321 Ἰ
1191 1276 1352 1322 expetas.

1448 1482 1817 1519 EPISTOLA
1876 1482 1986 1519 XIX.

1194 1563 1613 1600 Reverendissime
1658 1567 1810 1611 pater,
1857 1566 2012 1601 fautor
2053 1564 2246 1601 honora-

1623 1633 1811 1668 tissime.

1257 1736 1292 1771 si
1322 1735 1359 1772 id
1388 1735 1486 1783 quod
1514 1736 1736 1772 Monadibus
1765 1737 2019 1782 superadditur
2047 1737 2093 1773 ad
2122 1739 2250 1774 sacien-

1164 1822 1166 1824 -
1194 1795 1279 1830 dam
1300 1796 1474 1831 unionem
1496 1795 1732 1830 substantiale
1762 1806 1840 1830 esse
1861 1805 1990 1842 negas,
2014 1795 2093 1839 jam
2120 1808 2252 1843 corpus

1195 1855 1399 1890 substantia
1434 1854 1505 1888 dici
1534 1865 1607 1888 11011
1637 1857 1774 1900 potest3
1809 1853 1860 1888 ita
1889 1854 1986 1888 enim
2016 1864 2155 1889 merum
2185 1856 2253 1891 erit

1166 1917 1168 1923 ’
1193 1912 1398 1948 Monadum
1428 1916 1681 1959 aggregatum,
1705 1916 1740 1947 et
1762 1923 1907 1958 vereor,
1930 1923 1973 1947 ne
1995 1912 2033 1947 in
2054 1923 2151 1948 mera
2175 1924 2253 1948 cor-

1194 1981 1325 2016 porum
1360 1970 1611 2016 phaenomena
1648 1970 1795 2005 recidas.
1856 1971 2032 2005 Monades
2065 1972 2162 2005 enim
2190 1983 2254 2017 per

1196 2040 1232 2063 se
1254 2039 1300 2063 ne
1320 2029 1430 2063 situm
1451 2028 1596 2073 quidem
1617 2028 1712 2063 inter
1733 2039 1772 2062 se
1791 2027 1935 2074 habent,
1957 2038 2086 2074 nempe
2101 2030 2250 2076 realem,

1196 2086 1258 2131 qui
1299 2086 1395 2120 ultra
1439 2086 1776 2121 Phaenomenorum
1815 2086 1991 2120 ordinem
2034 2087 2251 2131 porrigatur.

1199 2145 1446 2190 Unaquaeque
1482 2150 1537 2178 est
1568 2144 1667 2178 velut
1696 2146 1882 2188 separatus
1911 2143 2060 2189 quidam
2081 2145 2250 2192 mundus,

1168 2207 1169 2212 ’
1197 2206 1232 2237 et
1268 2202 1303 2237 hi
1339 2213 1403 2248 per
1439 2201 1687 2248 phaenomena
1723 2212 1786 2236 sua
1819 2201 2048 2237 consentiunt
2075 2202 2169 2238 inter
2201 2214 2250 2250 se,

1168 2297 1169 2308 2
1197 2261 1297 2296 nullo
1317 2261 1389 2295 alio
1411 2271 1476 2306 per
1496 2271 1533 2295 se
1553 2260 1790 2306 commercio,
1813 2270 1989 2306 nexuque.

1255 2319 1291 2355 Si
1313 2320 1501 2354 aeciden
1514 2330 1529 2353 s
1550 2329 1676 2365 vocas,
1700 2318 1871 2364 quicquid
1892 2318 2134 2354 substantiam
2153 2329 2251 2354 com-

1168 2366 1170 2391 *
1197 2378 1334 2424 pletam
1361 2379 1412 2413 ita
1438 2377 1626 2424 supponit,
1657 2381 1697 2412 ut
1725 2378 1936 2412 naturaliter
1966 2377 2044 2412 sine
2071 2377 2151 2423 ipsa
2173 2389 2251 2413 esse

1198 2439 1370 2482 nequeat,
1410 2447 1483 2472 non
1504 2436 1679 2482 explicas,
1710 2436 1747 2471 in
1770 2446 1842 2482 quo
1868 2436 2040 2471 consistat
2061 2436 2118 2483 id,
2152 2437 2251 2482 quod

1198 2495 1373 2530 accidenti
1400 2498 1454 2529 est
1483 2494 1690 2540 essentiale,
1728 2498 1764 2529 et
1793 2505 1865 2540 quo
1887 2495 1995 2529 ctiam
2017 2495 2055 2529 in
2075 2497 2170 2530 statu
2193 2506 2250 2531 su-

1197 2554 1417 2599 pernaturali
1446 2564 1467 2588 a
1495 2552 1698 2587 substantia
1727 2553 1898 2599 distingui
1927 2554 2045 2589 debet.
2106 2554 2250 2601 Peripa-

1198 2612 1295 2647 tetici
1324 2613 1473 2646 omnino
1500 2611 1636 2657 aliquid
1664 2611 1900 2646 substantiale
1929 2615 2127 2658 agnoscunt
2150 2624 2250 2659 prae-

1198 2673 1251 2705 ter
1272 2670 1469 2715 MonadeS,
1502 2669 1639 2714 alioqui
1668 2670 1862 2705 secundum
1892 2670 1990 2717 ipsos
2017 2671 2139 2706 nullae
2165 2671 2247 2704 sub-

1197 2728 1349 2764 stantiae
1394 2730 1536 2774 praeter
1571 2727 1751 2763 Monades
1788 2729 1917 2764 forent.
1988 2729 2034 2764 Et
2077 2728 2247 2764 monades

1196 2798 1270 2822 non
1298 2787 1522 2822 constituunt
1558 2786 1795 2822 substantiam
1825 2788 2042 2834 completam
2070 2785 2246 2830 composi-

1196 2849 1282 2892 tam,
1305 2855 1389 2880 cum
1409 2854 1484 2879 non
1505 2844 1640 2879 faciant
1662 2856 1771 2880 unum
1793 2856 1856 2891 per
1878 2856 1927 2893 se,
1951 2846 2010 2881 sed
2032 2854 2169 2878 merum
2185 2853 2245 2886 ag-

1194 2907 1402 2950 gregatum,
1434 2902 1506 2937 nisi
1533 2903 1679 2949 aliquod
1714 2904 1951 2943 substantiale
1980 2902 2158 2937 vinculum
2189 2911 2244 2935 ae-

1193 2962 1307 2997 cedat.

1251 3020 1308 3055 Ex
1329 3020 1528 3056 Harmonia
1556 3031 1629 3056 non
1656 3023 1774 3067 potest
1796 3019 1960 3067 probari,
1990 3015 2124 3061 aliquid
2146 3015 2245 3051 aliud

1192 3089 1273 3113 esse
1314 3079 1352 3114 in
1394 3080 1630 3126 corporibus,
1676 3090 1786 3126 quam
1825 3079 2084 3114 phaenomena.
2147 3073 2243 3109 Nam

1165 3137 1337 3173 ,aliunde
1372 3142 1534 3186 constat,
1568 3138 1807 3174 Harmoniam
1834 3137 2171 3171 Phaenomenorum
2206 3134 2244 3167 in

1192 3196 1382 3232 animabus
1410 3208 1483 3233 non
1509 3197 1597 3233 oriri
1619 3208 1666 3233 ex
1687 3197 1823 3231 influxu
1844 3202 2052 3238 corporum,
2082 3190 2147 3225 sed
2168 3202 2244 3225 esse

1192 3255 1502 3306 praestabilitam,
1532 3257 1640 3304 idque
1662 3255 1836 3292 sufficeret
1857 3250 1887 3286 si
1909 3250 2006 3286 solae
2027 3252 2148 3286 essent
2168 3249 2243 3286 ani-
