2361 3643
115 172 200 214 060
834 164 1007 202 LXXIII.

116 269 246 312 sionis,
275 268 350 300 tum
378 258 605 302 omissionis3
630 259 666 292 et
685 259 764 293 tum
783 257 971 305 culposum
992 268 1039 292 ex
1060 261 1162 294 natu-
1189 277 1193 287 ι

114 338 176 362 rac
194 321 416 366 intirmitate,
447 321 525 353 tum
544 319 580 351 et
600 315 821 351 malitiosum
850 327 898 352 ex
917 316 1062 352 animae
1082 327 1164 364 pra-
1189 326 1192 336 ¹
1219 328 1329 363 quam
1358 328 1380 352 a
1406 319 1602 354 coactione.

113 384 232 419 vitate.

170 439 236 473 93.
257 433 510 471 Habituale
545 442 592 467 ex
625 431 828 468 actionibus
864 433 970 470 malis
1001 434 1057 469 vel
1085 445 1160 470 cre-

108 496 183 532 bris
216 495 271 529 vel
307 495 402 528 certe
437 491 591 527 fortibus
627 490 761 538 oritur,
796 492 844 526 ob
879 492 1159 538 impressionum
1189 528 1192 546 ,

844 550 891 585 Et
918 551 969 586 ita
996 551 1161 588 habitua-
1189 548 1191 600 l
1216 551 1503 597 contingentium
1523 552 1569 587 sit
1589 552 1829 589 determinata
1850 554 1994 602 veritas,
2017 557 2192 594 certitudo
2212 563 2266 595 ta-

106 552 375 590 multitudinem
404 551 461 584 vel
487 549 782 595 magnitudinem.

106 613 151 648 lis
180 610 320 647 malitia
346 608 484 654 aliquid
519 607 687 653 originali
714 608 941 654 corruptioni
969 610 1159 657 pravitatis

105 670 218 707 addit.

1190 246 1193 273 l

1189 291 1192 322 l

1071 165 1341 202 CAUSA
1403 166 1555 203 DEI.

1286 258 1381 294 102.
1402 258 1566 296 Libertas
1599 264 1770 308 exempta
1803 266 1858 299 est
1894 268 1966 302 tam
2002 278 2024 303 a
2045 269 2267 316 necessitate,

1669 320 2005 361 Necessitatem
2031 337 2107 362 non
2134 328 2271 363 faciunt

1219 375 1386 412 futuritio
1405 376 1620 424 veritatum,
1644 388 1708 413 nec
1729 379 1964 424 praescientia
1983 386 2018 418 et
2037 386 2268 430 praeordina-

1219 435 1271 470 tio
1293 434 1380 480 Dei,
1402 445 1465 470 nee
1484 436 1761 481 praedispositio
1782 448 1915 472 rerum.
2016 437 2019 439 ’

1281 493 1362 527 103
1406 493 1488 528 Non
1527 494 1772 530 futuritio:
1811 495 1896 530 licet
1930 496 2026 532 enim
2064 500 2266 537 futurorum

1188 603 1191 638 5
1217 620 1300 644 men
1336 608 1536 656 objectiva,
1572 621 1636 646 seu
1663 611 1866 647 infallibilis
1896 612 2149 650 determinatio
2176 617 2267 652 veri-

1187 654 1189 673 1

164 729 231 763 94.
261 726 359 762 Haec
386 728 508 761 tamen
536 724 673 771 peccati
702 724 874 772 servitus,
907 725 974 761 etsi
995 737 1071 762 sese
1092 738 1157 774 per
1185 763 1187 774 ,

104 797 248 823 0111110111
276 783 460 829 irregeniti
492 783 605 818 vitam
634 782 833 829 diffundat,
870 794 944 819 non
974 795 1017 820 eo
1046 796 1157 832 usque
1185 809 1186 833 3

101 844 327 881 extendenda
342 845 409 890 est,
431 844 604 887 tanquam
625 841 745 877 nullae
765 851 925 887 unquam
945 842 1157 888 irregenito-
1185 865 1186 877 1

101 915 183 940 rum
202 903 361 938 actiones
381 902 455 936 sint
475 910 559 935 vere
580 900 779 945 virtuosae,
808 900 883 936 imo
913 901 1032 937 nullae
1053 902 1156 939 inno·
1184 913 1186 935 1

102 965 232 1008 centes,
255 961 316 996 sed
337 970 479 1006 semper
500 958 701 993 formaliter
723 958 1006 1005 peccaminosae.

1184 891 1186 911 l

1184 947 1185 967 l

162 1021 228 1055 95.
257 1019 413 1055 Possunt
440 1017 538 1052 enim
567 1018 677 1052 etiam
705 1017 886 1062 irregeniti
916 1018 954 1052 in
987 1018 1155 1055 civilibus
1183 1046 1184 1068 1

101 1089 207 1124 agere
228 1076 422 1123 aliquando
443 1086 567 1111 amore
592 1076 735 1110 virtutis
757 1078 792 1109 et
817 1076 901 1110 boni
920 1077 1064 1123 publici,
1087 1078 1154 1113 im-

102 1138 279 1183 pulsuque
297 1138 415 1170 rectae
432 1133 594 1180 rationis,
612 1134 685 1169 imo
706 1138 739 1169 et
758 1134 889 1169 intuitu
901 1135 979 1182 Dei,
1002 1136 1077 1171 sine
1093 1137 1154 1173 ad-

101 1195 218 1231 mixta
239 1194 361 1239 aliqua
383 1203 494 1239 prava
510 1193 708 1227 intentione
725 1192 951 1240 ambitionis,
970 1196 1153 1231 commodi

100 1252 243 1300 privati,
264 1256 325 1286 aut
346 1254 493 1286 affectus
515 1251 678 1286 carnalis.

161 1312 226 1345 96.
255 1311 403 1356 Semper
431 1312 554 1344 tamen
582 1321 629 1344 ex
657 1310 778 1345 radice
800 1310 931 1345 infecta
955 1312 1151 1357 procedunt

99 1380 190 1415 quae
211 1371 331 1415 agunt,
355 1371 391 1403 et
412 1368 550 1413 aliquid
571 1369 673 1414 pravi
703 1369 787 1412 (etsi
808 1369 990 1404 interdum
1010 1371 1152 1406 habitu·

97 1429 202 1464 aliter
222 1428 384 1472 tantum)
405 1427 633 1462 admiscetur.

158 1487 226 1522 97.
254 1487 441 1521 Caeterum
470 1486 556 1520 baec
584 1485 768 1531 corruptio
789 1485 1069 1532 depravatioque
1088 1487 1151 1522 hu-

97 1555 224 1591 mana,
245 1548 514 1590 quamtacunque
535 1545 598 1589 sit,
621 1555 695 1579 11011
717 1544 800 1579 ideo
822 1548 944 1579 tamen
965 1545 1151 1580 bominem

97 1673 170 1698 non
200 1662 287 1697 satis
315 1665 444 1708 sponte
472 1660 654 1705 libereque-
687 1664 787 1705 agat:
826 1664 1018 1706 supersunt
1053 1662 1149 1695 enim

96 1720 328 1764 reliquiae
364 1718 549 1754 divinae
584 1718 817 1763 imaginis,
871 1729 962 1763 quae
1003 1720 1149 1762 faciunt,

95 1782 136 1815 ut
173 1777 316 1823 justitia
349 1777 418 1813 Dei
458 1777 496 1812 in
540 1775 731 1822 puniendis
765 1776 1014 1822 peccatoribus
1048 1777 1149 1812 salva

93 1840 252 1874 maneat.

1216 668 1322 715 tatis,
1358 678 1450 714 quae
1479 668 1551 704 illis
1578 668 1691 717 inest,
1728 669 1879 706 minime
1896 671 2102 707 necessitati
2121 674 2266 709 confun-

1214 725 1333 761 denda
1353 729 1418 762 est.

1278 785 1370 820 104.
1397 784 1473 820 Nec
1507 784 1831 831 praescientia
1866 789 1943 822 aut
1969 787 2267 834 praeordina-

1215 842 1281 878 tio
1325 843 1405 878 Dei
1441 843 1772 880 necessitatem
1812 844 2029 892 imponit,
2072 846 2153 882 licet
2187 847 2268 893 ipsa

1213 911 1357 947 quoque
1392 901 1441 936 sit
1478 901 1691 938 infallibilis.
1753 902 1850 938 Deus
1889 903 1986 938 enim
2023 903 2114 939 vidit
2142 916 2198 940 res
2227 906 2266 940 in

1183 978 1185 1002 ς
1214 960 1306 995 serie
1327 959 1556 1006 possibilium
1577 961 1696 1008 ideali,
1719 961 1844 1006 quales
1865 963 2005 998 suturae
2025 966 2147 1010 erant,
2171 966 2207 999 et
2226 963 2266 998 in

1213 1018 1256 1053 iis
1283 1018 1468 1053 hominem
1496 1019 1611 1055 libere
1638 1022 1863 1065 peccantem,
1891 1030 2007 1066 neque
2035 1020 2139 1064 hujus
2158 1021 2265 1057 seriei

1212 1076 1435 1112 decernendo
1456 1077 1708 1124 existentiam,
1741 1078 1894 1113 mutavit
1914 1079 1967 1112 rei
1989 1082 2178 1127 naturam,
2201 1082 2266 1116 aut

1212 1134 1307 1181 quod
1328 1137 1540 1180 contingens
1561 1138 1656 1182 erat,
1677 1136 1918 1171 necessarium
1940 1137 2034 1172 fecit.

1277 1193 1367 1228 105.
1404 1194 1668 1239 Ne‹1ue·etiani
1699 1194 2074 1240 praedispositio
2100 1205 2264 1243 rerum,

1210 1253 1273 1286 aut
1309 1262 1499 1287 causarum
1529 1252 1639 1287 series
1676 1255 1781 1287 nocet
1808 1252 1977 1287 libertati.
2039 1253 2139 1288 Licet
2166 1254 2263 1289 enim

1211 1320 1393 1356 nunquam
1420 1296 1623 1357 quicquarff
1640 1311 1801 1356 eveniat,
1831 1310 1918 1356 quin
1947 1310 2023 1354 ejus
2051 1312 2144 1347 ratio
2165 1311 2266 1348 reddi

1179 1368 1344 1414 11105511,
1388 1380 1504 1415 neque
1548 1369 1622 1403 ulla
1665 1379 1826 1414 uuquam
1869 1369 1974 1404 detur
2016 1369 2262 1406 indifferentia

1210 1427 1422 1472 aequlibrii‚
1448 1427 1566 1473 (quasi
1590 1427 1626 1461 in
1649 1427 1850 1462 substantia
1871 1427 1983 1463 libera
2003 1431 2038 1462 et
2059 1432 2162 1463 extra
2183 1438 2262 1463 eam

1179 1483 1181 1503 ³
1210 1486 1333 1520 omnia
1360 1485 1406 1520 ad
1434 1487 1639 1533 oppositum
1673 1489 1866 1530 utrumque
1901 1496 1938 1518 se
1972 1486 2168 1530 aequaliter
2198 1496 2264 1520 un-

1179 1656 1180 1666 1

1177 1706 1179 1714 1

1209 1545 1317 1589 q'uam
1338 1540 1560 1591 lraberent2)
1590 1554 1671 1578 cum
1693 1544 1812 1589 potius
1833 1553 1973 1588 semper
1994 1542 2064 1577 sint
2085 1543 2261 1588 quaedam

97 1604 341 1639 excusabilem
377 1603 514 1646 reddit,
550 1606 613 1637 aut
640 1614 661 1637 a
681 1602 786 1648 culpa
807 1603 955 1649 eximit,
977 1607 1149 1648 tanquam
1179 1607 1181 1641 Ξ
1208 1602 1502 1646 praeparationes
1523 1601 1560 1635 in
1581 1611 1688 1635 causa
1708 1603 1852 1645 agente,
1881 1601 2259 1648 concurrentibusque,

1208 1669 1295 1703 quas
1319 1659 1430 1704 aliqui
1462 1658 1864 1704 praedeterminationes
1893 1661 2040 1693 vocant:
2070 1659 2260 1694 dicendum

1213 1719 1333 1750 'amen
1354 1720 1429 1762 est,
1459 1717 1522 1751 has
1553 1716 1871 1750 deternrinationes
1899 1726 1974 1751 esse
1999 1719 2139 1752 tantum
2160 1718 2259 1752 incli-

1177 1765 1178 1785 ¹
1206 1778 1347 1821 nantes,
1369 1786 1442 1810 11011
1464 1775 1738 1820 necessitantes,
1763 1774 1814 1809 ita
1838 1776 1877 1808 ut
1902 1785 2043 1820 semper
2063 1775 2184 1820 aliqua
2204 1775 2260 1809 in-

1176 1836 1178 1888 }
1207 1833 1410 1867 differentia
1437 1833 1514 1867 sive
1539 1832 1781 1877 contingentia
1802 1832 1849 1865 sit
1871 1832 1980 1866 salva.

156 1895 218 1930 9S.
247 1893 434 1940 Reliquiae
460 1892 606 1928 divinae
634 1892 804 1938 imaginis
839 1892 1039 1928 consistunt
1067 1895 1146 1928 tum
1176 1914 1177 1922 1

94 1954 132 1990 in
169 1947 305 1990 lumine
325 1953 450 1988 innato
471 1952 692 1997 intellectus,
729 1954 806 1985 tum
840 1952 950 1985 etiam
978 1951 1014 1986 in
1037 1951 1145 1986 liber·
1176 1985 1177 1991 ,

92 2016 167 2048 tate
185 2011 375 2057 congenita
396 2008 605 2045 voluntatis.

92 2070 335 2115 vitiosamque
369 2068 549 2104 actionem
577 2067 816 2103 necessarium
835 2069 909 2114 est,
945 2070 986 2103 ut
1012 2067 1146 2103 scilicet

91 2129 246 2164 sciamus
281 2128 525 2176 velimusque,
556 2135 649 2172 quae
682 2125 844 2172 agimus3
893 2128 929 2161 et
964 2126 1145 2172 possimus

89 2187 200 2222 etiam
215 2186 343 2222 abhoc
363 2187 520 2233 peccato,
543 2183 640 2231 quod
658 2183 930 2231 00011111111111115,
949 2184 1142 2232 abstinere,

89 2245 120 2280 si
140 2244 250 2281 modo
272 2245 357 2280 satis
376 2243 489 2280 studii
517 2243 765 2278 adhibeamus.

150 2304 217 2338 99.
251 2303 417 2339 Lumen
451 2301 654 2338 innatum
687 2301 856 2337 consistit
890 2303 967 2336 tum
995 2300 1034 2335 in
1055 2299 1144 2336 ideis

92 2361 340 2409 incomplexis,
363 2364 441 2397 tum
470 2361 507 2396 in
529 2360 757 2396 nascentibus
779 2359 862 2394 inde
883 2359 1025 2394 notitiis
1046 2369 1141 2394 com-

91 2420 218 2466 plexis.

91 2477 221 2515 bantur
249 2478 416 2513 cordibus
437 2478 592 2524 nostris,
622 2478 689 2512 etsi
711 2475 933 2521 negligentia
953 2474 1143 2510 hominum

91 2538 126 2570 et
148 2535 333 2570 affectibus
354 2537 573 2572 sensualium
595 2546 701 2582 saepe
717 2535 964 2569 obscurentur.

156 2593 248 2628 100.
276 2594 453 2630 Probatur
481 2599 602 2631 autem
632 2594 699 2628 hoc
728 2594 861 2628 lumem
889 2594 1015 2627 contra
1035 2601 1143 2637 quos·
1169 2625 1170 2640 ἶ

656 2009 859 2054 Utrumque
879 2009 925 2044 ad
944 2008 1145 2044 virtuosam
1174 2036 1176 2066 ι

277 2420 332 2455 Ita
366 2421 406 2454 fit
434 2422 474 2455 ut
494 2420 591 2454 Deus
617 2420 654 2453 et
681 2419 741 2453 lex
760 2417 830 2452 Dei
851 2420 997 2452 aeterna
1018 2417 1143 2451 inscri-
1173 2456 1174 2459 Ἰ

1175 2234 1177 2264 l

1172 2378 1174 2414 Ι

1171 2419 1174 2443 l

2042 1832 2117 1867 Nec
2136 1835 2259 1868 tantus

1205 1901 1365 1936 unquam
1386 1894 1422 1925 in
1444 1890 1549 1925 nobis
1570 1890 1719 1924 affectus
1739 1890 1966 1936 appetitusve
1985 1893 2057 1936 est,
2088 1893 2128 1926 ut
2148 1900 2195 1924 ex
2215 1901 2259 1926 eo

1204 1952 1304 1984 actus
1340 1949 1539 1983 necessario
1582 1950 1769 1993 sequatur:
1805 1957 1892 1982 nam
1928 1948 2102 1993 quamdiu
2148 1948 2258 1984 homo

1204 2007 1334 2042 mentis
1356 2016 1504 2053 compos
1524 2008 1598 2052 est,
1620 2005 1762 2041 etiamsi
1791 2006 2104 2042 vehementissime
2124 2006 2172 2041 ab
2191 2006 2258 2054 ira,

1203 2075 1224 2100 a
1245 2065 1323 2112 siti,
1346 2065 1403 2100 vel
1424 2064 1534 2100 simili
1563 2074 1670 2099 causa
1706 2064 1932 2108 stimuletur3
1966 2075 2108 2111 semper
2136 2068 2257 2100 tamen

1203 2123 1326 2169 aliqua
1346 2123 1441 2158 ratio
1469 2122 1621 2158 sistendi
1649 2121 1826 2169 impetum
1861 2122 2012 2169 reperiri
2045 2125 2186 2169 potest,
2221 2125 2258 2159 et

1201 2181 1397 2227 aliquando
1419 2181 1475 2217 vel
1495 2181 1573 2216 sola
1593 2180 1724 2216 sufficit
1743 2180 1917 2226 cogitatio
1932 2181 2153 2217 exercendae
2172 2191 2257 2216 suae

1202 2240 1393 2286 libertatis,
1414 2239 1502 2275 etin
1523 2240 1673 2275 affectus
1693 2239 1894 2286 potestatis

1267 2298 1361 2334 106.
1391 2298 1519 2343 Itaque
1539 2300 1681 2333 tantum
1702 2296 1824 2344 abest,
1853 2299 1894 2331 ut
1913 2295 2256 2343 praedeterminatio

1201 2365 1262 2391 seu
1283 2355 1561 2403 praedispositio
1581 2366 1628 2390 ex
1648 2354 1784 2401 causis,
1816 2354 1962 2400 qualem
1981 2354 2162 2398 diximus,
2194 2363 2253 2388 ne-

1200 2414 1404 2450 cessitatem
1440 2413 1586 2448 inducat
1620 2412 1840 2447 contrariam
1875 2410 2098 2455 contingenti
2125 2410 2182 2445 vel
2211 2410 2253 2444 li-

1201 2471 1332 2506 bertati
1361 2474 1423 2507 aut
1452 2471 1670 2506 moralitati:
1706 2473 1746 2504 ut
1779 2469 1900 2515 potius
1932 2469 1970 2504 in
2006 2468 2073 2503 hoc
2100 2468 2179 2514 ipso
2200 2468 2253 2502 di-

1171 2538 1172 2578 ]
1201 2530 1403 2573 stiuguatur
1417 2529 1547 2564 Fatum
1566 2528 1865 2563 Maliometanum
1895 2539 1917 2563 a
1938 2526 2160 2573 Christiano,
2190 2526 2253 2561 ab-

1170 2587 1171 2591 ’
1201 2588 1349 2622 surdum
1379 2598 1400 2621 a
1429 2587 1615 2622 rationali:
1645 2586 1741 2632 quod
1769 2587 1908 2621 'Furcae
1942 2595 2066 2619 causas
2093 2595 2166 2619 11011
2195 2594 2251 2619 cu-

92 2651 177 2687 dam
214 2661 366 2695 nuperos
387 2654 601 2699 Scriptores,
639 2655 715 2686 tum
742 2662 789 2686 ex
810 2651 993 2696 Scriptura
1022 2650 1141 2694 Sacra,
1170 2674 1171 2685 1

91 2719 185 2754 quae
209 2708 376 2743 cordibus
403 2712 535 2746 nostris
562 2711 691 2756 Legem
715 2709 782 2744 Dei
804 2709 1014 2755 inscriptam
1035 2710 1142 2742 testa-

92 2771 170 2812 tur,
199 2770 277 2802 tum
306 2777 352 2800 cx
373 2769 526 2814 ratione,
557 2769 640 2813 quia
662 2768 831 2802 veritates
852 2766 1074 2802 necessariae
1096 2776 1142 2799 ex

93 2825 180 2861 solis
212 2824 397 2871 principiis
432 2828 541 2861 menti
576 2827 714 2872 insitis,
748 2837 823 2861 non
857 2835 904 2859 ex
938 2824 1143 2859 inductione

92 2894 281 2930 sensuum,
320 2883 559 2918 demonstrari
596 2886 754 2930 possunt.
816 2883 941 2928 Neque
969 2882 1141 2917 enimin-

91 2942 212 2978 ductio
242 2940 477 2986 singularium
506 2951 661 2986 unquam
689 2942 938 2977 necessitatem
960 2941 1142 2975 universa-

91 3000 161 3035 lem
182 3000 302 3034 insert.

156 3058 250 3093 101.
291 3056 504 3092 Libertas
536 3066 674 3100 quoque
711 3058 746 3092 in
776 3059 1050 3103 quantacunque
1077 3055 1142 3090 1111-

93 3127 199 3150 mana
228 3115 458 3162 corruptione
479 3113 579 3147 salva
604 3118 743 3161 manet,
774 3117 823 3150 ita
853 3119 891 3150 ut
914 3115 1041 3159 1101110,
1072 3112 1139 3147 etsi

93 3174 184 3208 11111111
214 3174 324 3208 dubie
355 3176 562 3219 peccaturus
583 3171 647 3214 sit,
677 3182 858 3217 nunqnam
879 3176 1000 3208 tamen
1021 3182 1134 3206 neces

94 3231 190 3265 sario
219 3232 422 3267 committat
449 3231 542 3266 1111110
562 3230 680 3264 actum
702 3231 887 3277 peccandi,
912 3240 1018 3276 quem
1040 3239 1137 3264 com-

90 3288 211 3323 mittit.

1201 2650 1299 2691 13011
1335 2645 1531 2681 Christiani
1557 2655 1662 2691 vero,
1694 2647 1730 2678 et
1763 2644 1965 2690 quicunque
1996 2642 2166 2690 sapiunt,
2201 2643 2252 2677 ef-

1201 2706 1336 2739 fectum
1355 2715 1403 2739 ex
1424 2714 1530 2739 eausa
1552 2703 1741 2738 deducunt.

1266 2762 1356 2798 107.
1385 2762 1522 2797 Tuscae
1545 2762 1698 2807 scilicet,
1729 2762 1767 2794 ut
1795 2760 1892 2794 fama
1921 2760 1974 2793 est
2005 2757 2247 2803 (quamquam

1202 2832 1276 2855 non
1304 2832 1431 2856 omnes
1463 2820 1513 2854 sic
1543 2819 1706 2863 desipere
1727 2813 1875 2864 putem)
1906 2818 2036 2850 frustra
2056 2818 2192 2861 pestem
2213 2817 2249 2848 et

1171 2873 1172 2877 ¹
1201 2879 1272 2914 alia
1301 2879 1398 2913 mala
1425 2878 1555 2913 evitari
1583 2876 1826 2921 arbitrantur,
1854 2875 1961 2920 idque
1982 2884 2025 2908 eo
2046 2874 2245 2918 praetextu,

1199 2937 1295 2982 quod
1318 2938 1440 2972 futura
1461 2936 1518 2970 rel
1538 2935 1679 2970 decreta
1700 2936 1871 2967 eventura
1900 2932 1989 2977 sint,
2027 2928 2245 2974 quicquid

1199 3006 1306 3039 agas
1327 2998 1391 3030 aut
1410 3005 1497 3029 non
1526 3004 1654 3039 agas,
1680 2991 1775 3037 quod
1798 2991 1928 3025 falsum
1948 2991 2018 3022 cst:
2039 2997 2119 3020 cum
2137 2986 2246 3021 Ratio

1199 3053 1327 3098 dictet,
1351 3063 1455 3097 eum,
1486 3051 1547 3096 qui
1569 3054 1666 3085 certo
1687 3052 1788 3095 peste
1809 3042 2004 3083 moriturus
2025 3046 2098 3090 est,
2136 3044 2246 3078 etiam

1196 3110 1395 3145 certissime
1441 3120 1565 3144 causas
1613 3108 1725 3153 pestis
1770 3116 1844 3140 non
1890 3113 1966 3136 esse
2014 3101 2243 3138 evitaturum,

1197 3168 1349 3214 Nempe,
1372 3170 1413 3203 ut
1433 3170 1526 3202 recte
1537 3164 1750 3200 Germanico
1771 3160 1962 3208 proverbio
1983 3158 2123 3204 dis-itur,
2146 3170 2244 3194 mors

1198 3227 1273 3262 vult
1308 3225 1440 3261 babere
1474 3234 1630 3259 causam.
1689 3220 1859 3263 Idemque
1888 3216 1923 3251 in
1960 3216 2039 3251 aliis
2076 3216 2244 3252 omnibus

1163 3289 1165 3322 1
1196 3284 1332 3320 eventis
1355 3284 1472 3319 locum
1493 3281 1610 3318 habet.
1662 3276 1756 3313 Add.
1777 3285 1886 3321 supra
1910 3272 1943 3315 ἓ.
1969 3275 2034 3309 45.
