2361 3643
857 135 1376 174 PRAEFATIO.
2154 139 2210 177 IX

60 227 240 272 fasciculi
272 228 341 286 qui
373 225 629 285 autographa
662 223 850 268 Leibnitii
885 224 1090 267 continent
1120 222 1391 282 philosophici
1421 224 1672 283 argumenti,
1712 238 1892 283 quorum
1924 223 2052 268 multa
2094 241 2200 269 non-

61 305 162 347 dum
201 303 306 347 edita
345 311 451 349 sunt,
514 302 698 346 Plurima
739 300 906 359 quidem
937 316 1016 343 non
1048 301 1124 342 nisi
1155 301 1382 358 fragmenta
1413 307 1526 353 sunt,
1567 315 1742 358 operum
1773 300 1860 343 sola
1892 300 2076 353 exordia,
2115 317 2206 356 nec,

63 396 162 423 cum
204 396 330 438 saepe
360 395 487 422 unam
519 378 777 435 eandemque
808 378 1196 420 commentationem
1227 382 1288 418 ter
1318 382 1514 434 quaterve
1544 376 1813 429 inchoaverit,
1842 378 2102 436 repetitiones
2133 378 2204 421 de-

63 463 170 509 sunt,
200 458 255 499 ita
285 463 330 498 ut
362 455 558 500 editorem
590 453 740 512 eligere
773 460 958 511 oporteat
987 468 1093 511 quae
1125 451 1368 510 gravissima
1399 457 1438 493 et
1457 453 1638 495 maxime
1667 455 1859 511 perfecta,
1888 468 2078 497 resecare
2099 470 2206 512 quae

60 534 196 575 minus
237 534 422 575 confecta
462 531 676 573 videantur
715 538 785 573 aut
823 529 920 574 nihil
951 530 1183 572 contineant
1223 542 1370 585 quam,
1403 527 1514 585 quod
1543 529 1584 570 in
1616 528 1730 570 editis
1760 530 1843 585 jam
1873 529 2021 572 melius
2051 529 2206 574 dietum

61 615 132 651 cst.
191 608 334 666 Itaque
366 623 417 650 ex
455 607 532 650 illis
564 606 725 650 schedis
755 607 896 665 viginti
935 613 1013 649 tres
1051 604 1155 663 elegi
1195 602 1356 646 editioni
1395 618 1515 646 meae
1553 603 1800 646 inserendas.
1862 605 1982 659 Quae
2021 607 2205 665 scriptio-

59 700 132 727 nes
178 686 359 727 maxima
405 699 457 727 ex
502 690 616 742 parte
659 682 710 725 ad
748 682 860 725 illam
901 682 1099 741 pertinent
1139 680 1352 722 scientiam
1401 694 1527 737 quam
1572 678 1797 722 Leibnitius
1835 681 1959 724 modo
2000 681 2201 727 mathesin

59 760 357 813 universalem,
395 759 518 802 inodo
559 760 770 802 scientiam
802 757 1056 817 generalem,
1092 754 1216 798 modo
1248 753 1456 799 calculum
1494 756 1841 799 ratiocinatorium
1881 757 2119 816 appellavit,
2151 758 2203 801 de

60 851 142 893 qua
177 837 339 894 juvenis
371 839 459 895 jam
498 836 774 878 somniaverat
814 850 1021 893 quamque
1062 847 1191 876 senex
1229 847 1372 874 curare
1408 847 1493 874 non
1535 831 1662 874 desiit.
1724 831 1866 886 Quum
1896 832 2073 891 Raspius
2103 833 2207 877 duas

61 919 217 954 tantum
246 914 611 955 commentationes
639 910 807 954 edidem't
836 910 1086 968 easdemque
1116 909 1326 951 breviores
1359 923 1486 966 quam
1518 923 1626 966 quae
1657 909 1850 950 scientiae
1879 907 1987 950 illius
2016 916 2205 953 naturam

58 990 277 1045 perspicue
315 995 561 1041 monstrent,
599 987 794 1046 equidem
834 1003 856 1030 e
892 986 1030 1029 multis
1068 986 1306 1044 fragmentis
1348 1000 1454 1043 quae
1493 983 1651 1043 perlegi
1689 999 1738 1026 ea
1776 985 2022 1028 concinnare
2059 986 2207 1038 studui,

60 1080 167 1122 quae
206 1064 305 1107 mihi
342 1067 430 1108 visa
461 1072 557 1108 sunt
599 1073 639 1108 et
678 1065 916 1123 graxissima
949 1070 989 1105 et
1019 1062 1070 1105 ad
1101 1062 1317 1120 permagni
1345 1059 1451 1102 illius
1481 1059 1704 1103 moliminis
1734 1067 1925 1103 naturam
1955 1063 2205 1119 perspicien—

59 1141 155 1183 dam
187 1143 407 1198 aptissima.
457 1142 510 1184 Et
541 1157 637 1184 cum
668 1143 709 1183 in
739 1140 801 1183 his
831 1139 993 1181 schedis
1024 1154 1106 1180 una
1137 1140 1198 1190 sit,
1231 1152 1338 1195 quae
1369 1137 1492 1179 totius
1524 1138 1659 1195 operis
1682 1138 1968 1179 oeconomiam
1990 1139 2207 1190 contineat,

60 1232 181 1275 spero
212 1216 355 1259 lectori
385 1218 495 1260 idem
528 1225 774 1261 eventurum
805 1232 899 1259 esse
931 1214 1041 1272 quod
1073 1213 1188 1266 mihi,
1230 1220 1274 1255 ut
1313 1212 1494 1271 quodam
1532 1213 1656 1255 modo
1687 1214 1935 1272 introspiciat
1965 1213 2209 1267 aedificium,

59 1294 179 1351 cujus
208 1292 394 1350 singulae
424 1299 583 1335 tantum
615 1293 831 1336 columnae
863 1307 1020 1348 eaeque
1049 1305 1221 1332 mancae
1251 1288 1368 1331 nobis
1398 1295 1561 1331 restant.

175 1369 409 1425 Antequam
451 1369 502 1411 ad
540 1367 842 1410 enumerandas
874 1365 1054 1425 singulas
1086 1366 1454 1407 commentationes
1485 1364 1674 1407 Leibnitii
1704 1371 1932 1417 transeam,
1972 1372 2012 1409 et
2041 1365 2211 1425 singulis

59 1442 203 1497 titulis,
243 1459 350 1501 quae
382 1443 615 1485 annotanda
646 1458 795 1486 censeo
807 1477 818 1496 ,
856 1441 1024 1493 addam,
1061 1456 1145 1483 una
1183 1456 1249 1483 res
1286 1456 1369 1483 non
1407 1447 1468 1483 est
1504 1441 1882 1498 praetermittenda,
1919 1456 1972 1484 ne
2004 1441 2054 1483 de
2085 1457 2210 1501 opera

58 1535 153 1562 mea
184 1521 368 1563 severius
395 1519 610 1578 judicetur.
673 1519 830 1562 Finitus
862 1525 946 1561 erat
977 1516 1193 1576 colligendi
1223 1517 1338 1559 labor
1369 1516 1517 1559 abhinc
1547 1522 1628 1558 tres
1661 1531 1790 1558 annos
1822 1523 1863 1559 et
1898 1516 2131 1570 dimidium,
2171 1524 2212 1560 et

59 1595 207 1638 eodem
237 1602 423 1654 tempore
453 1595 618 1639 chartae
648 1594 892 1654 bibliopolae
923 1594 1091 1637 traditae
1122 1601 1214 1636 sunt
1244 1600 1290 1636 ut
1321 1594 1456 1635 statim
1488 1591 1602 1650 prelo
1635 1592 1940 1650 subjicerentur.
2000 1592 2096 1635 Mea
2125 1608 2209 1636 non

60 1670 207 1714 accidit
244 1671 386 1729 culpa,
427 1679 472 1715 ut
511 1672 633 1715 dilata
672 1673 722 1714 sit
759 1672 976 1730 impressio
1014 1672 1056 1713 in
1094 1686 1222 1713 mens.
1283 1669 1402 1712 Febr.
1433 1669 1529 1711 anni
1558 1667 2001 1711 MDCCC-XXXVIII.
2031 1668 2212 1726 indeque

59 1755 144 1790 tam
191 1748 304 1791 tarde
348 1748 662 1807 progrederetur
698 1755 745 1791 ut
783 1747 960 1806 amplius
1000 1747 1210 1789 biennium
1248 1752 1513 1789 consumtum
1553 1746 1613 1787 sit.
1674 1744 1740 1787 Ex
1779 1760 1860 1803 quo
1899 1752 2085 1802 tempore
2122 1744 2212 1787 libri

60 1825 270 1883 prodiere,
300 1824 450 1867 inedita
480 1824 733 1869 Leibnitiana
765 1826 1019 1868 continentes
1053 1822 1161 1877 (dico
1195 1838 1292 1881 prae
1325 1824 1469 1865 ceteris
1501 1820 1549 1863 cl.
1573 1820 1744 1863 Cousini
1774 1822 2001 1879 fragmenta
2031 1819 2213 1878 philoso-

57 1900 177 1958 phica
196 1900 361 1943 Parisiis
391 1901 525 1958 edita),
556 1918 663 1960 quae
684 1917 808 1955 nunc,
837 1918 890 1945 ne
920 1908 1154 1959 temporum
1186 1899 1371 1941 ordinem
1401 1898 1631 1950 turbarem,
1664 1904 1734 1940 aut
1764 1895 1887 1956 plane
1917 1898 2103 1940 omittere
2134 1896 2208 1940 de-

59 1977 141 2029 bui,
173 1983 243 2018 aut
272 1993 356 2020 non
388 1993 436 2020 eo
470 1994 551 2036 quo
584 1979 776 2021 convenit
804 1978 896 2021 loco
928 1980 1108 2020 inserere
1138 1976 1263 2033 potui.

177 2054 558 2097 Commentationes
588 2054 788 2106 Leibnitii,
822 2069 928 2111 quac
958 2054 1000 2094 in
1032 2052 1250 2095 editionem
1281 2065 1420 2094 meam
1450 2050 1601 2107 recepi,
1633 2048 1713 2092 hae
1744 2055 1856 2091 sunt:

174 2129 202 2172 I.
241 2129 562 2173 Dissertatio
602 2129 956 2188 metaphysica
996 2128 1054 2170 de
1087 2128 1344 2185 principio
1376 2125 1652 2177 individui,
1686 2141 1812 2183 quam
1844 2123 2070 2167 Leibnitius
2101 2139 2211 2167 anno

58 2204 326 2249 MDCLXHI.
367 2205 517 2248 editam
555 2205 718 2264 publice
749 2205 938 2248 defendit.
999 2204 1138 2258 Quam
1177 2203 1501 2245 dissertationem
1538 2202 1579 2244 in
1610 2200 1827 2243 Ludovicii
1865 2200 2055 2243 manibus
2085 2201 2212 2243 fuisse

60 2298 113 2325 ex
144 2297 267 2341 opere
298 2283 385 2340 ejus
419 2282 751 2337 (Ausfiihrlicher
770 2283 963 2325 Entwurf
989 2282 1100 2323 einer
1128 2279 1426 2338 vollstiindigen
1448 2278 1627 2320 Historie
1659 2277 1731 2320 der
1753 2276 2081 2320 Leibnitzisehen
2110 2276 2211 2319 Phi-

59 2357 255 2416 losophie.
313 2357 484 2417 Leipzig
516 2358 629 2402 1737
661 2374 699 2417 p.
732 2362 821 2414 37.)
854 2365 1034 2416 apparet.
1070 2358 1105 2399 E
1128 2373 1209 2416 quo
1241 2356 1493 2407 Dutensius‚
1523 2356 1658 2413 ipsam
1688 2354 2032 2397 Dissertationem
2063 2352 2210 2411 deper-

60 2433 186 2475 ditam
223 2440 354 2487 ratus,
393 2434 530 2476 theses
570 2450 590 2477 a
624 2442 762 2478 nostro
800 2434 988 2477 defensas
1029 2434 1251 2491 exscripsit.
1313 2432 1494 2475 Unicum
1532 2432 1572 2474 ni
1612 2430 1729 2473 fallor
1767 2430 1892 2490 hujus
1922 2430 2212 2472 dissertationis

63 2508 271 2567 exemplar
306 2511 348 2552 in
378 2509 631 2553 Bibliotheca
661 2511 793 2569 Regia
825 2511 1102 2554 Hanoverana
1144 2516 1284 2553 exstat.
1346 2508 1478 2566 Cujus
1509 2507 1709 2550 videndae
1740 2523 1838 2549 cum
1878 2504 1996 2548 multi
2033 2519 2212 2563 quorum

62 2586 228 2626 interest
259 2586 520 2628 occasionem
550 2603 635 2629 non
664 2585 858 2639 habeant,
899 2588 1005 2630 bene
1037 2588 1187 2629 meruit
1215 2586 1264 2628 de
1294 2584 1458 2627 histotia
1480 2583 1772 2641 Philosophiae
1793 2583 1898 2625 doct.
1931 2581 2213 2633 Guhrauerus‚

63 2675 161 2703 cum
201 2666 294 2701 ante
329 2667 411 2702 tres
458 2677 586 2704 annos
632 2662 767 2706 denuo
814 2679 908 2706 eam
954 2664 1112 2715 ederet,
1158 2670 1197 2705 et
1241 2660 1539 2704 introductione
1584 2661 1859 2715 instrue1·et.¹³)
1927 2659 2007 2702 Cui
2047 2656 2212 2700 editioni

65 2733 177 2793 quod
228 2749 322 2776 mea
373 2751 458 2778 non
518 2737 569 2779 ad
626 2739 800 2782 verbum
853 2740 1074 2798 respondet
1134 2755 1188 2781 ne
1247 2738 1404 2779 mireris
1470 2751 1648 2793 quaeso,
1708 2737 1861 2795 quippe
1927 2749 2025 2778 cum
2092 2733 2212 2775 nimis

64 2811 267 2853 festinanti
310 2810 470 2854 calamo
522 2812 650 2856 editor
700 2814 1024 2858 dissertationem
1079 2814 1268 2857 Leibnitii
1324 2812 1661 2870 transscripserit,
1710 2812 1766 2854 ita
1811 2818 1881 2864 ut,
1937 2809 2048 2869 quod
2091 2805 2211 2848 valde

65 2885 288 2928 dolendum
341 2893 414 2939 est,
467 2888 504 2929 ei
552 2902 635 2930 non
683 2904 844 2946 paucae
894 2891 1088 2942 mendae,
1135 2904 1295 2946 eaeque
1346 2889 1636 2947 gravissimae,
1692 2887 1930 2931 exciderint.
1984 2913 2036 2920 —-·
2090 2882 2208 2925 Haec

63 2963 191 3006 nostri
241 2961 466 3004 dissertatio
516 2978 600 3005 non
650 2963 785 3006 solum
834 2965 926 3008 ideo
978 2972 1211 3008 memoratu
1262 2964 1385 3023 digna
1446 2975 1526 3017 est,
1589 2964 1701 3023 quod
1761 2965 1942 3023 primum
2001 2959 2210 3019 specimen

66 3044 127 3080 est
165 3039 254 3096 ejus
293 3038 464 3096 ingenii,
505 3038 577 3080 sed
618 3041 741 3082 etiam
780 3041 876 3097 quia
916 3056 967 3083 ex
1008 3056 1058 3083 ea
1096 3048 1265 3100 apparet
1305 3057 1431 3099 quam
1471 3047 1663 3084 accurate
1702 3047 1889 3082 versatus
1927 3037 2044 3080 fuerit
2079 3034 2122 3077 in
2161 3048 2211 3076 ea

66 3112 309 3157 scholastica
370 3113 652 3173 philosophia,
724 3130 850 3173 quam
909 3116 1031 3160 hodie
1096 3116 1287 3161 Leibnitii
1358 3117 1625 3161 admiratores
1687 3130 1770 3174 quo
1831 3115 1962 3172 magis
2021 3112 2211 3170 ignorant

182 3275 219 3328 ἐξ)
251 3278 513 3314 Leibnitz's
542 3279 781 3316 Dissertation
812 3279 856 3314 (te
887 3279 1063 3328 principio
1094 3281 1283 3331 individui,
1315 3282 1603 3329 herausgegeben
1633 3281 1708 3319 und
1737 3279 1886 3316 kritisch
1916 3275 2118 3322 eingeleitet
2140 3283 2210 3309 von

67 3346 130 3383 Dr.
162 3348 209 3383 G.
240 3347 283 3385 E.
315 3349 566 3386 Guhrauer.
625 3350 746 3387 Berlin
782 3350 901 3386 1837.

1919 3427 1942 3453 Β
1983 3437 1986 3440 .
