2361 3643
736 105 818 141 XII.
864 105 1016 141 INITlA
1044 105 1295 141 SCIENTIAE
1315 107 1595 143 GENERALLs.

148 196 324 243 Equidem
351 198 579 233 temerarium
606 200 697 234 foret
722 199 930 245 promittere
959 210 980 234 a
1007 199 1132 245 primis

2187 101 2243 142 85

1203 199 1297 233 neris
1317 200 1474 248 humani,
1505 203 1678 236 fructus
1713 212 1853 248 quoque
1882 201 1968 236 aitis
1998 201 2101 235 unius
2128 200 2244 245 major

90 255 375 302 aggressionibus
411 260 629 303 postremam
666 261 786 292 tantae
827 258 913 293 artis
947 258 1132 305 perfeetio—
1165 271 1167 285 ι
1202 258 1381 293 sentietur.

91 325 186 359 nem,
208 325 298 360 quae
319 320 449 350 crescet
478 327 559 350 cum
586 316 663 362 ipsa
689 317 875 351 hominum
897 317 1129 363 experientia,

89 376 197 420 prout
218 373 315 420 (ipsa
336 374 397 409 hac
419 377 494 409 arte
516 372 795 420 manuducente)
818 375 920 421 plura
939 386 1077 421 semper
1097 379 1132 410 et

89 431 232 478 potiora
266 432 379 467 Data
421 436 598 468 eruentur.
667 434 977 474 Quemadmodum
1011 437 1131 468 tamen

89 490 184 536 apud
204 490 367 526 Sinenses
388 493 518 537 ferunt,
548 491 609 537 qui
636 492 774 537 aliquot
793 493 1032 528 characterum
1053 493 1132 528 mil-

88 549 169 583 lena
204 550 311 584 norit.
342 561 423 584 eum
451 550 638 596 potissima
664 550 815 584 scribere
843 562 956 596 posse,
985 552 1130 587 caeteris

89 608 202 653 magis
223 609 414 643 reconditis
431 609 485 643 vel
506 608 632 653 cuique
652 608 797 654 proprio
818 610 955 657 artifici,
981 611 1036 645 vel
1057 622 1131 645 ma-

84 666 158 710 jori
179 667 352 712 Magistro
372 667 530 702 servatis.
561 666 613 701 ita
639 667 694 702 hie
722 678 872 714 quoque,
900 670 1131 715 proportione

87 736 337 771 progressuum
357 725 431 761 sive
449 725 606 761 hominis
625 725 807 773 cujusque,
836 727 910 762 sive
937 728 1046 763 totius
1073 740 1130 775 ge·
1163 744 1168 757 ι

1259 316 1407 352 Interim
1427 318 1492 352 hoc
1513 329 1768 364 consequemur
1799 320 1838 353 ut
1866 329 2004 364 semper
2024 321 2150 353 certa
2175 330 2244 353 se-

1165 411 1167 415 ,
1201 374 1267 409 rie
1298 376 1512 422 progredi
1543 377 1774 411 valeamus
1808 380 1983 422 quantum
2011 377 2048 412 in
2068 380 2244 423 potestate

1165 451 1167 474 ς
1202 435 1265 479 est,
1289 437 1335 479 et,
1357 435 1453 479 quod
1473 435 1640 469 haetenus
1662 435 1808 469 minime
1830 437 1961 470 factum
1981 439 2046 481 est,
2069 446 2116 470 ex
2136 436 2241 482 datis,

1201 492 1368 537 quicquid
1390 493 1465 527 fieri
1486 496 1613 539 potest.
1637 494 1826 538 elicientes,
1845 494 2017 528 thesauris
2030 493 2108 537 jam
2125 506 2242 540 reper-

1201 550 1246 584 tis
1283 562 1323 585 ac
1352 551 1484 585 divinis
1521 551 1698 586 beneficiis
1728 553 1774 586 ad
1799 553 1989 587 sanitatem
2016 553 2174 599 corporis
2200 564 2241 588 ac

1200 609 1455 655 perfectionem
1470 611 1610 657 mentis,
1633 615 1810 646 utamur
1831 616 1873 646 et
1893 613 2108 658 fruamur,
2130 621 2241 658 quau-

1201 671 1278 702 tum
1299 669 1352 703 fas
1372 671 1435 703 est.

1092 1049 1229 1108 XII.

976 1169 999 1214 l
1034 1170 1078 1214 N
1117 1169 1140 1214 1
1177 1169 1278 1214 TI
1314 1170 1355 1215 A

570 1280 1103 1359 SCIENTIAE
1180 1279 1752 1358 GENERALIS

83 1426 148 1461 DE
175 1425 307 1461 NOVA
335 1427 550 1462 RATIONE
576 1426 981 1462 INSTAL'RATIONIS
1010 1427 1072 1462 ET
1100 1427 1532 1462 AUGMENTATloNIS
1559 1427 1906 1472 SCIENTLxRL'M,
1937 1427 2019 1461 [TA
2049 1426 2112 1461 [T
2138 1426 2241 1462 EXI-

142 1485 241 1521 GL'O
258 1486 488 1522 TEMPORE
508 1486 571 1521 ET
590 1486 817 1530 NEGOTIO,
840 1486 881 1520 SI
901 1486 1040 1520 MODO
1062 1486 1237 1520 VELINT
1258 1486 1483 1521 HOMlNES.
1502 1486 1679 1520 MAGNA
1700 1485 1970 1521 PRAEsTARI
1990 1485 2183 1521 Possle

640 1545 708 1580 AD
729 1544 1019 1579 FELICITATE
1040 1544 1286 1579 HUMANAE
1307 1544 1676 1580 INGREMENTL'M.

292 1695 343 1731 (E
369 1697 498 1726 schedis
522 1696 802 1728 Leibnitianis
833 1696 971 1734 ineditis,
998 1704 1083 1732 quae
1115 1697 1147 1725 in
1172 1696 1276 1731 Regia
1307 1695 1500 1725 bibliotheca
1533 1698 1753 1725 Hanoverana
1785 1694 2031 1730 asservantur.)

143 1834 351 1870 Ostenditur
371 1846 540 1882 magnam
559 1839 699 1883 partem
719 1835 883 1871 miseriae
908 1836 1015 1871 nobis
1043 1847 1126 1870 con·
1157 1834 1159 1838 ’

86 1892 232 1939 turgere,
265 1897 325 1928 aut
347 1894 523 1929 felicitatis
554 1895 688 1941 abesse,
718 1906 793 1929 non
822 1895 959 1930 defectu
980 1895 1123 1939 virium,
1157 1908 1159 1922 ι

84 1952 147 1986 sed
182 1952 238 1987 vel
273 1953 440 1987 scientiae
475 1954 531 1988 vel
558 1954 677 1990 bonae
704 1954 911 1999 voluntatis,
948 1958 983 1988 et
1010 1953 1125 1999 ipsam

83 2010 270 2045 scientiam
296 2012 401 2046 nobis
429 2012 549 2047 deesse
575 2013 688 2047 solere
717 2012 821 2058 culpa
856 2016 996 2057 nostrag
1032 2016 1126 2046 certe

83 2068 270 2115 plerasque
290 2071 467 2115 veritates,
490 2071 535 2105 ad
550 2071 664 2106 n‘tam
679 2071 793 2116 utiles„
816 2082 891 2106 esse
912 2071 950 2104 in
970 2071 1127 2105 humana

83 2130 270 2174 potestate,
300 2132 402 2164 etex
422 2129 515 2164 datis
541 2130 616 2165 sive
642 2129 738 2164 notis
758 2135 853 2164 certa
879 2129 1128 2174 constantique

83 2186 253 2222 methodo
288 2199 391 2234 posse
420 2188 564 2234 deduci,
599 2188 630 2223 si
665 2188 773 2223 modo
801 2188 962 2223 homines
992 2187 1128 2222 viribus

84 2244 292 2291 notitiisque
311 2257 333 2281 a
353 2247 430 2281 Deo
454 2247 640 2292 concessis,
663 2247 857 2282 secundum
883 2251 1000 2283 rectae
1019 2246 1128 2281 ratio-

83 2304 140 2339 nis
160 2305 379 2351 methodum,
401 2305 438 2341 id
458 2309 511 2341 est
530 2306 724 2341 secundum
744 2310 933 2353 praecepta
959 2305 1128 2340 scientiae

85 2363 257 2409 generalis
277 2364 331 2399 hic
352 2364 516 2411 traditae,
537 2365 591 2399 uti
611 2365 735 2399 velint.

142 2421 296 2457 Scientia
322 2424 496 2469 generalis
523 2424 610 2459 duas
637 2422 797 2458 continet
824 2426 953 2469 partes,
975 2432 1127 2468 quarum

84 2479 184 2525 prior
204 2481 357 2525 pertinet
377 2483 423 2517 ad
449 2482 747 2517 instaurationem
768 2481 1007 2527 scientiarum,
1031 2480 1128 2524 judi-

84 2538 308 2584 candumque
337 2540 381 2574 de
402 2540 481 2583 jam
508 2541 674 2587 inventis,
704 2552 749 2576 ne
776 2540 1004 2586 praejudiciis
1034 2540 1127 2574 deci-

85 2597 245 2643 piamurg
267 2599 443 2642 posterior
463 2599 660 2634 destinatur
680 2600 726 2634 acl
747 2599 926 2645 augendas
946 2598 1126 2644 scientias,

84 2655 380 2701 inveniendaque,
402 2667 493 2702 quae
512 2657 617 2692 nobis
638 2657 776 2692 desunt.

143 2714 246 2749 Prior
265 2726 348 2760 ergo
377 2714 487 2749 tradit
507 2715 693 2749 Elementa
719 2715 891 2761 veritatis,
920 2714 994 2749 sive
1022 2717 1126 2749 notas

84 2773 258 2820 quasdam
287 2773 571 2819 indisputabiles,
604 2783 756 2818 quarum
791 2785 858 2819 ope
892 2773 931 2807 in
959 2773 1127 2808 omnibus

85 2831 245 2867 materiis
265 2832 389 2867 haberi
409 2834 559 2878 possunt
585 2830 906 2866 demonstrationes
933 2831 1125 2875 evidentes,

85 2891 347 2926 mathematicis
376 2902 490 2936 pares,
511 2901 663 2936 quarum
690 2889 866 2924 certitudo
893 2889 990 2923 velut
1017 2900 1126 2923 manu

86 2949 196 2995 tangi,
218 2950 397 2995 oculisque
417 2948 581 2995 usurpari
601 2948 724 2994 possit,
752 2947 804 2982 ita
830 2950 870 2982 ut
897 2958 1004 2982 omne
1023 2958 1127 2992 argu·

86 3011 248 3043 mentum
266 3008 429 3055 legitima
454 3010 570 3043 forma
596 3006 764 3053 procedat
791 3006 837 3040 ad
864 3005 976 3039 instar
1002 3005 1127 3040 calculi

86 3077 328 3113 numerorum,
351 3070 387 3102 et
407 3067 438 3102 si
465 3067 544 3113 quis
565 3076 664 3101 error
692 3059 881 3110 subrepsit,
910 3074 984 3098 non
1005 3063 1124 3098 dissici·
1160 3103 1161 3106 Ἴ

87 3125 155 3160 lius
175 3125 391 3171 deprehendi
418 3126 568 3171 aliisque
588 3124 729 3160 ostendi
748 3122 871 3170 possit,
902 3133 1010 3168 quam
1030 3133 1128 3157 error
1160 3169 1161 3172 Ἴ

87 3183 213 3219 calculi
233 3184 333 3219 solet.
364 3184 470 3225 Quali
490 3186 607 3219 forma
621 3180 895 3229 argumentandi
912 3180 1125 3227 introducta,

88 3243 352 3278 controversiae
371 3243 409 3277 'm
430 3242 677 3278 ratiocinando
697 3252 771 3276 non
798 3242 943 3286 possent
963 3250 1037 3274 non
1057 3250 1128 3274 ces-

89 3312 177 3337 sare.
237 3301 389 3343 Quando
410 3304 531 3337 autem
551 3312 625 3337 non
646 3303 728 3337 sunt
748 3298 959 3336 sufficientia
979 3298 1063 3334 data
1083 3298 1129 3334 ad
1161 3319 1165 3346 k

1194 1835 1511 1871 demonstrandam
1537 1835 1744 1882 veritatem,
1776 1835 1972 1881 poterimus
2001 1838 2123 1870 tamen
2150 1845 2240 1870 sem-

1193 1906 1256 1941 per
1276 1894 1521 1929 demonstrare
1542 1894 1837 1940 probabilitatem
1864 1894 2051 1939 majorem,
2079 1904 2125 1928 an
2155 1894 2240 1939 quid

1194 1964 1240 1988 ex
1268 1953 1408 1987 duobus
1436 1953 1609 1999 oppositis
1636 1952 1770 1988 rationi
1798 1953 1843 1986 sit
1871 1952 2095 1999 probabilius
2124 1955 2159 1987 et
2188 1964 2237 1987 se-

1194 2012 1349 2046 cundum
1369 2011 1579 2058 prudentiae
1599 2011 1738 2057 regulas
1760 2011 1797 2045 in
1817 2011 1920 2056 praxi
1942 2011 2147 2045 tenendum.
2174 2011 2240 2045 At-

1195 2080 1262 2115 que
1291 2070 1342 2104 ita
1368 2074 1502 2105 rectam
1535 2070 1712 2105 rationem
1739 2080 1879 2115 semper
1907 2072 2081 2115 quantum
2115 2080 2240 2115 possu-

1195 2140 1274 2163 mus
1304 2138 1503 2173 sequemur.
1562 2128 1607 2162 Et
1636 2139 1718 2162 cum
1737 2139 1835 2163 secus
1856 2138 2015 2173 agamus,
2037 2127 2104 2162 erit
2124 2127 2162 2162 id
2181 2127 2239 2162 vel

1195 2187 1432 2233 negligentiae
1452 2190 1606 2231 nostrae,
1624 2188 1680 2222 vel
1701 2186 1882 2221 interdum
1902 2186 2120 2221 necessariae
2142 2185 2239 2221 festi-

1195 2246 1334 2280 nationi
1374 2245 1732 2291 distractionibusque
1771 2245 2034 2291 imputandum.
2100 2244 2239 2285 Quibus

1195 2309 1316 2340 tamen
1344 2308 1424 2351 post
1452 2305 1541 2339 hanc
1574 2307 1688 2339 artem
1715 2304 1947 2339 constitutam
1980 2303 2094 2338 rarius
2130 2313 2239 2348 quam

1195 2367 1278 2398 ante
1298 2363 1549 2409 ingrediemur,
1580 2363 1664 2408 quia
1685 2363 1799 2397 multo
1827 2362 2003 2409 promtius
2030 2361 2240 2407 faciliusque

1196 2422 1389 2458 veritatum
1418 2425 1479 2456 aut
1506 2421 1772 2468 probabilitatis
1801 2421 1950 2467 gradum
1978 2419 2118 2465 assequi
2139 2419 2239 2455 dabi-

1195 2485 1270 2527 tur,
1300 2486 1491 2527 postquam
1518 2480 1769 2515 meditationes
1795 2484 1939 2515 nostrae
1965 2490 2040 2513 non
2066 2489 2148 2513 casu
2176 2479 2239 2513 sed

1194 2540 1374 2575 constanti
1402 2540 1477 2585 lege
1505 2550 1544 2573 ac
1573 2539 1700 2573 calculi
1734 2538 1806 2573 ritu
1842 2538 2044 2584 procedent.
2105 2536 2237 2578 Quanti

1194 2600 1259 2634 hoc
1284 2598 1329 2632 sit
1350 2609 1424 2632 non
1445 2600 1585 2631 tantum
1606 2597 1643 2631 in
1664 2596 1821 2631 scientiis
1842 2597 1903 2632 sed
1923 2600 1959 2631 et
1980 2597 2017 2631 in
2038 2595 2237 2631 conmmnis

1194 2657 1290 2691 ritae
1331 2655 1666 2699 deliberationibuS,
1709 2655 1940 2690 manifestum
1979 2658 2051 2701 est,
2094 2654 2236 2700 quando

1193 2715 1372 2759 utrimque
1394 2714 1507 2748 multa
1533 2724 1733 2759 magnaque
1758 2717 1854 2748 stant
1875 2713 2113 2749 incommoda,
2143 2723 2235 2758 spes-

1194 2785 1263 2819 que
1283 2777 1317 2807 et
1348 2776 1475 2817 metus,
1504 2782 1595 2817 quae
1623 2772 1719 2806 velut
1747 2772 1784 2806 in
1811 2776 1944 2807 statera
1972 2770 2169 2817 expendere
2197 2769 2234 2802 in

1193 2833 1284 2867 hunc
1306 2841 1416 2876 usque
1436 2830 1531 2865 diem
1552 2830 1673 2865 docuit
1699 2842 1816 2865 nemo.
1877 2831 1967 2866 Cum
1994 2834 2112 2864 tamen
2132 2827 2235 2862 facile

1194 2889 1335 2925 ostendi
1361 2892 1478 2935 queat,
1509 2899 1633 2924 omnes
1660 2901 1795 2925 errores
1824 2890 2000 2924 humanae
2025 2884 2235 2933 prudentiae

1194 2947 1360 2982 vitabiles
1381 2947 1426 2983 ab
1446 2947 1550 2992 hujus
1571 2948 1739 2983 scientiae
1754 2948 1977 2994 ignoratione
1997 2945 2053 2979 vel
2072 2943 2234 2989 neglectu

1195 3005 1380 3053 proficisci.

1252 3065 1339 3100 Pars
1359 3064 1471 3100 altera
1491 3068 1544 3100 est
1568 3065 1652 3100 Ars
1679 3062 1956 3105 inveniendi,
1986 3070 2060 3094 non
2087 3058 2231 3104 quidem

1195 3128 1233 3158 ut
1255 3123 1293 3158 in
1313 3123 1432 3169 priore
1452 3127 1563 3170 parte,
1581 3126 1700 3158 utrum
1716 3120 1911 3169 propositio
1932 3118 1988 3152 vel
2004 3117 2231 3153 ratiocinatio

1196 3182 1319 3217 oblata
1339 3181 1385 3217 sit
1403 3193 1500 3229 vera,
1522 3183 1595 3229 sed,
1619 3180 1713 3227 quod
1734 3183 1785 3214 est
1807 3177 1994 3222 difficilius,
2017 3175 2132 3221 qualis
2152 3176 2232 3222 ipsa

1196 3241 1244 3275 sit
1272 3241 1478 3287 formanda,
1506 3252 1568 3276 seu
1594 3238 1772 3285 quomodo
1799 3234 1928 3270 resolvi
1955 3234 2065 3280 possit
2085 3234 2232 3280 aliquod

1198 3299 1394 3347 problema,
1430 3299 1526 3347 quod
1560 3298 1717 3335 continet
1752 3292 2033 3342 propositionem
2067 3292 2230 3340 imperfe-
