2361 3643
836 127 898 163 111.
938 125 1191 162 CONFESSIO
1222 126 1467 164 NATURAE.
2174 119 2229 166 47

90 221 280 267 qualitates
305 219 471 255 efficiant.
516 220 585 256 Sed
611 221 649 256 in
676 220 752 255 istis
779 220 915 256 ultimis
941 230 1126 266 corpuscu-

91 280 134 314 lis
160 279 258 314 nulla
284 283 433 326 apparet
459 279 553 314 ratio
581 279 826 315 cohaerentiae
860 282 896 315 ct
928 278 1126 315 insecabili-

89 338 185 373 tatis.

148 395 348 431 Reddidere
376 395 533 443 aliquam
560 399 706 441 veteres,
736 395 867 431 sedita
888 396 1057 442 ineptam,
1086 398 1126 429 ut

89 453 167 499 ejus
186 454 400 489 recentiores
421 455 561 501 pudeat.
612 454 753 488 Scilicet
779 458 896 500 partes
924 457 1126 489 atomorum

91 513 172 549 ideo
192 514 389 560 cohaerere,
412 513 496 559 quia
516 512 654 547 nullum
674 512 870 547 intercedat
891 523 1059 557 vacuum3
1079 522 1127 547 ex

91 583 161 618 qua
182 572 350 619 sequitur,
380 571 501 606 onmia
528 581 676 617 corpora
705 581 794 616 quae
822 582 859 605 se
887 571 996 607 semel
1015 570 1126 606 conti-

92 634 228 676 gerunt,
251 629 535 677 inseparabiliter
554 629 600 664 ad
619 631 824 663 atomorum
845 630 1049 676 exemplum
1069 640 1127 664 co-

91 689 234 724 haerere
254 689 393 735 debere,
415 688 499 733 quia
524 687 564 722 in
590 687 689 722 omni
709 690 873 722 contactu
902 688 1060 734 corporis
1081 687 1126 723 ad

90 759 218 794 corpus
244 747 381 782 nullum
410 746 595 781 intercedit
623 755 783 781 vacuum.
844 748 922 788 Qua
957 749 1127 794 perpetua

90 806 315 841 cohaerentia
334 804 422 839 nihil
451 807 504 839 est
523 805 722 850 absurdius,
751 805 839 840 nihil
865 806 911 840 ab
941 805 1127 852 experien-

92 865 142 900 tia
162 864 274 910 magis
300 863 467 898 alienum.
523 864 631 898 Recte
658 863 767 909 igitur
794 864 832 898 111
851 864 1032 899 reddenda
1051 866 1126 899 ato-

91 933 230 958 morum
250 922 388 957 ratione
407 921 652 968 confugiemus
673 922 719 957 ad
738 923 855 957 Deum
877 923 1043 969 denique,
1064 922 1126 968 qui

89 980 224 1015 ultimis
244 980 322 1014 istis
341 991 461 1015 rerum
476 980 715 1016 fundamentis
735 981 940 1016 firmitatem
960 984 1124 1028 praestet.

89 1039 135 1073 Et
163 1039 274 1073 miror
303 1050 417 1085 neque
446 1039 678 1075 Gassendu
688 1051 724 1074 111
752 1050 867 1086 neque
895 1040 1006 1075 alium
1033 1040 1127 1075 inter

88 1097 312 1133 acutissimos
346 1097 451 1141 hujus
480 1098 588 1133 seculi
624 1098 871 1145 philosophos,
909 1099 1127 1145 praeclaram

89 1157 179 1191 hane
195 1156 494 1192 demonstrandae
510 1156 662 1191 Divinae
677 1157 889 1192 existentiae
905 1158 1127 1193 occasionem

89 1215 392 1250 animadvertisse.
440 1216 600 1262 Apparet
627 1215 724 1250 enim
752 1215 789 1250 in
816 1219 979 1251 extrema
1004 1227 1129 1261 corpo-

88 1285 168 1309 rum
196 1274 412 1310 resolutione
442 1274 508 1309 Dei
542 1274 680 1309 auxilio
714 1285 834 1310 carere
861 1277 1028 1310 naturam
1055 1285 1128 1309 non

87 1344 208 1379 posse.>

145 1391 235 1426 Cum
255 1393 376 1426 autem
403 1389 765 1425 demonstraverimus
785 1400 936 1437 corpora
964 1390 1129 1425 determi-

90 1452 211 1485 natam
238 1449 387 1495 figuram
413 1451 449 1483 et
476 1449 725 1495 quantitatem,
754 1452 894 1484 motum
921 1459 1005 1483 vero
1026 1448 1129 1484 illum

88 1508 218 1544 habere
237 1519 311 1542 non
330 1518 446 1554 posse,
474 1507 543 1542 nisi
571 1507 757 1554 supposito
778 1508 870 1542 Ente
899 1506 1127 1553 incorporali,

88 1567 191 1602 facile
225 1569 373 1613 apparet
408 1566 496 1601 illud
516 1566 590 1601 Ens
618 1566 840 1612 incorporale
866 1577 932 1611 pro
960 1566 1129 1601 omnibus

87 1637 163 1661 esse
182 1625 337 1671 unicum,
359 1625 406 1660 ob
426 1624 651 1660 harmoniam
666 1625 830 1660 onmium
845 1625 939 1659 inter
959 1636 1007 1670 se,
1029 1635 1129 1671 prae-

89 1684 211 1719 sertim
229 1695 311 1718 cum
330 1694 481 1730 corpora
500 1686 640 1719 motum
659 1684 826 1730 habeant,
854 1695 927 1718 non
947 1683 1086 1729 singula
1107 1694 1129 1718 a
1160 1678 1164 1706 ²

89 1753 154 1777 suo
174 1745 255 1777 ente
274 1742 500 1788 incorporali,
522 1743 583 1777 sed
603 1753 625 1778 a
645 1754 682 1777 se
709 1741 872 1777 invicem.
918 1743 989 1777 Cur
1008 1744 1129 1777 autem

90 1800 164 1835 Ens
192 1801 280 1835 illud
300 1800 522 1846 incorporale
549 1801 638 1836 hanc
665 1801 784 1847 potius
804 1811 912 1847 quam
932 1801 1033 1835 illam
1054 1811 1128 1835 ma-

90 1859 325 1905 gnitudinem,
361 1859 527 1905 figuram,
565 1862 703 1894 motum
738 1860 864 1905 eligat·7
899 1860 992 1894 ratio
1026 1859 1127 1894 reddi

91 1928 165 1952 non
193 1920 329 1963 potest,
358 1917 426 1952 11151
452 1918 499 1952 sit
525 1917 739 1964 intelligens,
768 1922 803 1953 et
831 1918 878 1953 ob
905 1929 1023 1953 rerum
1052 1918 1128 1964 pul-

89 1976 344 2023 chritudinem,
373 1976 531 2023 sapienS,
568 1977 615 2012 ob
649 1988 773 2012 earum
806 1976 1049 2011 obedientiam
1083 1976 1128 2011 ad

90 2038 228 2081 nutum,
260 2038 398 2081 potens,
450 2035 538 2070 Tale
574 2035 684 2081 igitur
704 2035 777 2069 Plus
805 2035 1028 2081 incorporale
1061 2035 1129 2070 erit

89 2093 193 2128 Mens
214 2093 324 2128 totius
345 2093 470 2128 mundi
491 2093 650 2140 Reetrix,
674 2093 710 2128 id
732 2096 784 2129 est
804 2094 912 2130 Deus.

516 2202 636 2239 PARS
666 2202 706 2238 11.

89 2269 302 2313 MENTIS
361 2271 642 2313 HUMANAE
702 2271 1130 2314 IMMORTALITAS

117 2340 411 2383 CONTINUO
428 2341 632 2383 SORl'rE
655 2341 1100 2384 DEMONSTRATA.

146 2441 250 2476 Mens
277 2442 432 2478 humana
453 2445 506 2478 est
526 2454 588 2478 ens
615 2442 716 2488 cujus
746 2442 867 2489 aliqua
886 2442 981 2477 actio
1001 2446 1053 2478 est
1074 2454 1131 2477 co-

89 2499 227 2544 gitatio.

149 2557 222 2591 Ens
243 2557 344 2601 cujus
365 2559 485 2604 aliqua
505 2559 599 2593 actio
621 2562 675 2593 est
695 2558 877 2605 cogitatio,
906 2559 983 2604 ejus
1011 2559 1131 2606 aliqua

91 2615 184 2650 actio
204 2618 258 2650 est
278 2627 333 2650 res
354 2616 559 2651 immediate
574 2617 755 2652 sensibilis
775 2617 852 2652 sine
872 2618 1131 2664 imaginatione

91 2673 259 2720 partium.

149 2731 327 2778 Cogitatio
347 2731 445 2766 enim
465 2734 519 2766 est
544 2743 599 2767 res
620 2727 725 2780 (1⁰.)
746 2732 954 2768 immediate
981 2733 1130 2768 sensibi-

92 2790 147 2836 lis,
169 2801 268 2825 niens
288 2790 420 2837 quippe
440 2801 477 2825 50
497 2790 714 2836 cogitantem
734 2791 890 2826 sentiens
914 2791 984 2826 sibi
1005 2791 1129 2827 imme·

1196 217 1294 254 diata
1320 224 1384 256 est.
1437 218 1540 271 (2⁰.)
1575 221 1754 268 Cogitatio
1781 226 1835 258 cst
1860 233 1916 259 res
1950 223 2129 259 sensibilis
2156 224 2233 260 sine

1195 277 1451 323 imaginatione
1466 280 1635 326 partium.
1696 282 1773 317 Hoc
1792 282 1990 328 experienti
2011 282 2148 318 clarum
2167 286 2231 317 est.

1194 336 1371 382 Cogitatio
1391 338 1488 373 enim
1508 342 1561 373 est
1580 339 1645 375 hoc
1667 339 1785 386 ipsum
1806 340 1958 376 nescio
1979 341 2114 388 quod,
2137 342 2232 387 quod

1194 394 1378 441 sentimus,
1400 397 1543 442 quando
1564 398 1735 434 sentimus
1761 410 1828 434 nos
1847 400 2012 446 cogitare.
2080 400 2233 441 Quando

1193 455 1314 489 autem
1340 455 1439 489 verbi
1466 455 1581 501 gratia
1608 458 1782 493 sentimus
1809 469 1875 493 nos
1902 458 2075 504 cogitasse
2102 458 2146 493 de
2173 458 2232 493 Ti-

1195 511 1259 557 tio,
1282 522 1356 546 11011
1382 513 1498 548 50111111
1519 514 1691 550 sentimus
1712 527 1776 551 nos
1797 516 1885 551 Titii
1912 517 2117 563 imaginem,
2140 527 2233 562 quae

1194 581 1279 605 sane
1296 573 1413 617 partes
1430 571 1548 617 habet,
1569 572 1733 608 habuisse
1752 575 1789 609 in
1810 575 1944 623 animo,
1967 576 2052 621 quia
2071 576 2137 611 hoc
2158 587 2232 611 11011

1194 628 1324 663 sufficit
1344 629 1390 663 ad
1410 630 1677 676 cogitationem.

1252 687 1436 723 Habemus
1456 689 1553 723 enim
1574 689 1746 735 imagines
1768 690 1805 724 in
1820 691 1942 727 animo
1963 692 2072 727 etiam
2088 691 2232 738 quando

1194 745 1238 781 de
1258 745 1302 780 iis
1323 757 1398 781 non
1417 747 1634 793 cogitamus3
1664 748 1725 783 sed
1752 749 1923 784 sentimus
1944 754 2138 796 praeterea,
2166 762 2233 785 1105

1193 803 1296 839 illam
1323 804 1411 839 Titii
1440 805 1634 852 imaginem
1660 806 1864 853 advertisse,
1894 808 1931 843 111
1958 820 2027 854 qua
2048 809 2234 844 adverten-

1192 863 1264 898 tiae
1297 862 1409 910 ipsius
1446 864 1707 912 imaginatione
1740 865 1858 901 nullas
1890 869 2007 913 partes
2043 867 2234 914 deprehen-

1195 921 1325 957 dimus.

1251 979 1360 1024 Cujus
1381 981 1503 1027 aliqua
1527 981 1622 1016 actio
1652 984 1706 1016 est
1735 993 1792 1017 res
1822 981 2029 1018 immediate
2056 983 2234 1020 sensibilis

1194 1039 1271 1074 51110
1286 1038 1544 1085 imaginatione
1563 1040 1732 1088 partium,
1756 1040 1832 1085 ejus
1852 1042 1973 1088 aliqua
1993 1042 2087 1076 actio
2107 1045 2161 1077 est
2179 1054 2235 1077 res

1195 1097 1271 1132 sine
1288 1097 1459 1143 partibus.

1252 1155 1346 1190 Nam
1381 1157 1485 1202 quale
1519 1156 1606 1202 quid
1640 1156 1846 1192 immediate
1872 1158 2042 1206 sentitur,
2073 1159 2144 1193 tale
2172 1162 2236 1194 est.

1196 1214 1338 1250 Erroris
1358 1215 1454 1250 enim
1481 1226 1588 1250 eausa
1616 1219 1669 1250 est
1690 1216 1859 1261 medium,
1887 1217 1971 1262 quia
1998 1217 2028 1251 si
2056 1217 2238 1261 objectum

1197 1283 1319 1308 sensus
1340 1277 1432 1309 esset
1451 1285 1557 1309 causa
1577 1274 1721 1321 erroris,
1750 1285 1890 1321 semper
1918 1275 2007 1310 falso
2027 1276 2237 1321 sentiretur,

1197 1331 1253 1366 sin
1273 1330 1485 1378 subjectum,
1506 1343 1645 1379 semper
1665 1333 1755 1368 falso
1781 1333 1939 1368 sentiret.

1255 1388 1364 1433 Cujus
1384 1391 1504 1436 aliqua
1523 1391 1617 1426 actio
1638 1395 1690 1426 est
1711 1403 1766 1427 res
1786 1392 1863 1427 sine
1882 1392 2055 1439 partibUS,
2078 1390 2154 1436 ejus
2174 1392 2238 1427 ali-

1198 1458 1270 1494 qua
1289 1448 1383 1483 actio
1404 1460 1478 1484 non
1497 1451 1552 1484 est
1572 1452 1703 1484 motus.

1255 1506 1380 1541 Omnis
1396 1508 1493 1542 enim
1508 1510 1626 1542 motus
1646 1508 1753 1543 habet
1772 1511 1890 1553 partes
1911 1519 1974 1555 per
1994 1508 2237 1544 demonstrata

1196 1564 1474 1600 Aristotelis
1495 1569 1531 1601 et
1551 1566 1715 1601 omnium
1741 1567 2011 1602 confessionem.

1254 1623 1363 1668 Cujus
1383 1624 1503 1670 aliqua
1529 1624 1623 1660 actio
1644 1635 1718 1659 non
1739 1629 1793 1660 est
1821 1628 1951 1672 motus,
1974 1626 2063 1661 illud
2089 1637 2164 1661 non
2184 1628 2239 1661 est

1195 1692 1334 1728 corpus.

1255 1741 1381 1776 Omnis
1408 1741 1506 1776 enim
1533 1741 1693 1788 corporis
1721 1741 1814 1777 actio
1844 1744 1895 1776 est
1923 1744 2052 1777 motus.

1195 1799 1292 1834 enim
1313 1800 1364 1834 rei
1384 1800 1478 1835 actio
1499 1803 1553 1835 est
1574 1800 1748 1835 essentiae
1769 1799 1931 1835 variatio.

1253 1859 1421 1904 Corporis
1441 1859 1595 1893 essentia
1623 1862 1693 1894 est:
1722 1870 1797 1894 esse
1817 1858 1856 1893 in
1876 1859 2005 1905 spatiO,
2027 1858 2239 1894 existentiae

1196 1916 1234 1951 in
1255 1917 1371 1963 spatio
1392 1917 1543 1952 variatio
1563 1920 1617 1952 est
1637 1920 1767 1952 motus.

1255 1975 1381 2010 Omnis
1401 1975 1509 2021 igitur
1528 1976 1686 2022 corporis
1707 1975 1800 2011 actio
1821 1978 1873 2011 est
1894 1978 2023 2011 motus.

1256 2033 1433 2079 Quicquid
1453 2044 1528 2068 non
1548 2036 1602 2069 est
1621 2045 1759 2081 corpus,
1781 2045 1855 2069 non
1878 2037 1931 2068 est
1952 2034 1989 2068 in
2009 2033 2136 2079 spatio.

1314 2092 1481 2137 Corporis
1508 2092 1605 2127 enim
1625 2093 1786 2127 definitio
1807 2095 1860 2127 est
1880 2103 1955 2127 esse
1976 2092 2013 2126 in
2033 2092 2160 2137 spatio.

1257 2150 1431 2196 Quicquid
1453 2161 1527 2185 non
1547 2154 1600 2185 est
1621 2151 1658 2185 in
1678 2151 1805 2196 spatio,
1828 2161 1902 2185 non
1923 2153 1975 2185 est
1996 2149 2144 2184 mobile.

1315 2209 1437 2243 Motus
1458 2208 1555 2243 enim
1575 2212 1628 2244 est
1649 2209 1800 2244 mutatio
1821 2208 1939 2254 spatii.

1256 2267 1431 2313 Quicquid
1452 2278 1525 2302 non
1545 2270 1598 2302 est
1618 2268 1752 2303 mobile
1772 2270 1825 2302 est
1845 2265 2103 2301 indissolubile.

1316 2326 1516 2361 Dissolutio
1537 2326 1634 2361 enim
1655 2329 1707 2361 est
1728 2328 1846 2360 motus
1872 2325 2067 2360 secundum
2088 2325 2237 2371 partem.

1259 2386 1374 2420 Omne
1394 2384 1640 2420 indissolubile
1660 2388 1713 2419 est
1734 2383 2015 2429 incorruptibile.

1316 2443 1505 2489 Corruptio
1526 2443 1622 2478 enim
1643 2446 1696 2478 est
1717 2442 1904 2478 dissolutio
1924 2441 2065 2477 intima.

1258 2502 1373 2537 Omne
1394 2502 1663 2548 incorruptibile
1683 2504 1736 2536 est
1759 2501 1971 2535 immortale.

1315 2561 1414 2595 Mors
1434 2560 1531 2594 enim
1552 2562 1605 2595 est
1624 2559 1805 2605 corruptio
1820 2559 1985 2604 viventis,
2009 2568 2069 2593 seu
2091 2557 2239 2593 dissolu-

1199 2618 1251 2653 tio
1272 2618 1348 2662 ejus
1376 2619 1561 2654 machinae
1586 2629 1650 2664 per
1668 2628 1777 2663 quam
1809 2617 1895 2663 quid
1922 2619 2072 2663 apparet
2100 2628 2137 2651 se
2164 2626 2238 2650 1110-

1199 2688 1295 2712 vere.
1792 2675 1905 2722 Igitur

1554 2734 1658 2769 Mens
1677 2733 1833 2770 humana
1852 2736 1905 2769 est
1925 2732 2150 2768 immortalis.

1630 2792 1734 2834 Quod
1755 2796 1832 2829 erat
1852 2790 2176 2828 demonstrandum.

2113 1741 2239 1776 Omnis
