2361 3643
861 120 1378 160 PRAEFATIO.
2133 123 2226 160 XIII

70 232 202 277 genus
232 217 390 269 inveni,
430 229 589 273 eaeque
629 227 775 256 omnes
814 218 946 254 aetate
979 207 1148 268 juvenili
1187 211 1454 268 conscriptae.
1513 209 1696 253 Mutatur
1727 208 1872 252 deinde
1905 207 2093 253 Leibnitii
2124 212 2225 254 scri-

71 294 192 337 bendi
229 291 380 335 modus
421 307 553 350 quum
590 290 714 332 literis
752 287 978 347 majoribus
1013 291 1230 344 tractuque
1267 283 1477 329 literarum
1515 288 1756 345 praesertim
1793 285 1978 329 finalium
2017 292 2102 329 tam
2140 286 2226 331 ele-

70 370 182 428 ganti
214 369 373 421 scribat,
405 375 450 410 ut
477 367 553 410 sibi
582 365 786 424 placuisse
816 364 1000 407 videatur
1029 362 1071 405 in
1102 359 1321 420 pingendo.
1367 361 1462 405 Vidi
1494 362 1661 421 quidem
1682 362 1790 406 hanc
1809 361 2020 406 literarum
2043 364 2226 421 speciem

70 447 112 488 in
143 443 408 504 autographis
440 457 545 485 anno
567 440 789 483 MDCCX.
821 439 1070 496 conscriptiS,
1101 437 1174 480 sed
1204 444 1344 480 tamen
1375 438 1503 480 rarior
1533 446 1595 481 est
1623 446 1718 498 post
1747 438 1901 481 saeculi
1926 438 2058 482 XVII.
2088 438 2227 484 finem.

71 521 136 565 Ex
168 538 217 564 eo
251 528 440 577 tempore
468 519 609 561 literae
639 518 820 559 minores
852 520 1068 574 apparent,
1099 520 1140 556 et
1169 511 1445 572 negligentius
1475 528 1525 556 ac
1555 530 1683 557 manu
1714 516 1789 558 etsi
1819 531 1902 559 non
1933 521 2134 559 tremente
2163 524 2226 560 ta·

71 613 170 641 men
201 599 338 639 minus
369 595 505 647 firma,
536 608 662 651 saepe
693 591 852 636 calamo
886 591 993 634 male
1023 596 1251 648 temperato
1282 590 1433 648 pictae,
1465 604 1591 649 saepe
1619 589 1728 633 lectu
1759 590 1936 633 difficiles
1966 599 2073 636 sunt.
2124 592 2226 649 (Ca-

72 673 129 716 dit
159 673 238 716 hoc
270 690 303 715 e.
336 687 393 730 gr.
432 673 474 714 in
505 671 717 728 specimen
756 675 899 712 contra
928 666 1129 711 Lockium
1168 681 1277 709 anno
1307 663 1544 709 MDCCIV.
1578 669 1871 726 conscriptum,
1902 668 2015 726 quod
2044 668 2228 729 Raspius

72 749 220 804 edidit).
279 748 395 791 Haec
415 746 562 790 indicia
594 761 721 805 quam
754 745 945 802 ambigua
977 745 1066 796 sint,
1097 741 1210 786 haud
1240 743 1407 801 ignoro,
1445 740 1519 784 sed
1549 740 1638 784 aliis
1670 743 1795 801 signis
1825 751 2034 788 carentem
2065 746 2230 789 incertis

72 832 310 868 contentum
343 840 434 867 esse
467 830 638 882 oportet.
699 821 841 880 Itaque
872 820 1004 873 statui,
1035 826 1081 862 ut
1111 820 1249 862 omnia
1281 819 1431 878 scripta
1461 819 1501 861 in
1534 817 1683 876 quibus
1715 818 2008 878 elegantiorem
2036 821 2147 865 illam
2175 821 2226 864 li-

71 908 252 945 terarum
274 902 456 957 speciem
484 901 734 951 invenirem,
767 899 843 941 nisi
864 903 973 939 certa
994 902 1240 956 argumenta
1270 895 1522 938 contrarium
1551 894 1791 948 suaderent,
1819 897 1868 938 iis
1897 896 2229 952 adnumerarem,

72 993 181 1036 quae
221 983 314 1020 ante
352 976 506 1019 saeculi
543 976 669 1019 finem
707 975 939 1031 conscripta
978 979 1128 1016 essent.
1188 972 1314 1032 Atqui
1355 970 1406 1014 de
1443 972 1626 1014 maxima
1657 978 1770 1030 parte
1802 979 2049 1016 tractatuum
2079 974 2227 1019 subse-

73 1055 286 1112 quentium
316 1052 396 1096 hoc
426 1052 544 1096 valet.
594 1051 749 1110 Itaque,
780 1065 876 1093 cuin
907 1064 1033 1107 supra
1064 1048 1220 1091 dictum
1252 1050 1303 1091 sit
1331 1062 1406 1091 cur
1428 1063 1574 1091 omnes
1596 1047 1647 1090 de
1669 1049 1836 1091 scientia
1858 1048 2039 1108 generali
2059 1052 2231 1108 seiiptos

72 1131 114 1173 in
153 1129 333 1172 eundem
370 1128 512 1172 locum
549 1126 861 1187 congregandos
899 1126 1152 1184 putaverim,
1191 1139 1316 1182 spero
1353 1122 1554 1167 lectorem
1593 1123 1646 1168 de
1682 1123 1776 1168 loco
1814 1126 1864 1168 iis
1903 1126 2110 1185 assignato
2147 1142 2231 1172 non

74 1208 161 1249 fore
191 1207 352 1247 iratum.
413 1205 594 1263 Pergam
624 1206 665 1247 in
697 1201 987 1247 enumerandis
1016 1200 1177 1243 libellis:

189 1281 262 1324 XI.
294 1280 371 1324 De
402 1282 624 1324 scientia
655 1277 944 1323 universali
973 1293 1068 1320 seu
1098 1276 1300 1321 calculo
1332 1275 1711 1336 philosophico.
1761 1277 1883 1322 Hanc
1913 1279 2230 1322 commentatio-

72 1372 183 1409 nem,
214 1359 282 1399 cui
313 1373 392 1415 ego
424 1355 586 1398 titulum
614 1355 752 1408 indidi,
782 1370 881 1397 cum
910 1352 1063 1396 scheda
1092 1352 1348 1396 Leibnitiana
1376 1354 1641 1411 inscriptione
1670 1360 1820 1407 careat,
1849 1355 1891 1397 in
1919 1357 2054 1399 fronte
2080 1355 2231 1399 horum

73 1435 397 1491 fragmentorum
434 1433 574 1490 posui,
613 1432 709 1488 quia
749 1430 847 1488 quid
887 1429 962 1472 sibi
1001 1428 1096 1472 velit
1132 1428 1200 1472 ille
1238 1428 1425 1473 calculus
1455 1429 1651 1482 delineat,
1688 1437 1813 1489 atque
1851 1432 1981 1490 rejicit
2009 1431 2232 1475 absurdam

72 1509 432 1567 consequentiam,
479 1507 598 1567 quasi
633 1521 708 1566 per
744 1506 861 1549 illum
900 1503 1107 1549 calculum
1143 1520 1280 1548 novae
1317 1506 1509 1548 veritates
1538 1507 1670 1548 creari
1699 1508 1857 1565 possint
1888 1509 1976 1551 sine
2013 1506 2155 1551 labore
2194 1514 2235 1551 et

73 1586 208 1628 omnis
254 1585 517 1644 ingeniorum
562 1583 775 1626 diversitas
820 1582 906 1626 tolli
944 1580 1104 1626 debeat.
1164 1581 1277 1625 Citat
1320 1588 1451 1625 artem
1482 1580 1824 1625 combinatoriam
1860 1589 2075 1641 tamquam
2114 1583 2234 1628 olim

72 1663 364 1720 compositam,
404 1662 499 1704 citat
530 1661 653 1703 etiam
684 1659 972 1703 Meditationes
1003 1673 1111 1702 anno
1145 1661 1269 1702 1684.
1301 1659 1401 1701 actis
1431 1657 1701 1701 Eruditorum
1730 1656 2009 1718 Lipsiensium
2046 1660 2234 1714 insertas,

74 1738 148 1781 sed
185 1754 270 1781 non
306 1737 458 1781 indicat
495 1744 697 1795 quantum
728 1737 925 1795 temporis
956 1735 1106 1778 exinde
1137 1735 1361 1788 effluxerit,
1390 1735 1445 1778 ita
1476 1742 1521 1777 ut
1559 1736 1629 1777 vix
1661 1735 1888 1793 quidquam
1919 1737 2065 1795 conjici
2095 1737 2234 1795 possit.

71 1814 138 1858 Ex
166 1814 243 1857 illis
274 1829 382 1874 quae
411 1813 463 1857 de
502 1815 656 1857 meritis
696 1814 780 1856 suis
816 1814 859 1857 in
898 1812 1058 1870 analysi
1094 1812 1207 1866 dicit,
1245 1812 1494 1870 conjecerim
1525 1811 1606 1855 hoc
1635 1813 1914 1871 fragmentum
1945 1811 2069 1871 paulo
2101 1814 2233 1856 serius

70 1892 268 1950 scriptum
299 1906 392 1934 esse
424 1906 551 1949 quam
583 1892 846 1949 sequentium
877 1888 1086 1933 nonnulla.

190 1966 279 2010 XII.
316 1966 468 2011 Initia
506 1968 761 2010 scientiae
798 1965 1065 2026 generalis
1104 1965 1161 2009 de
1200 1980 1335 2009 nova
1365 1966 1570 2009 ratione
1600 1965 2003 2009 instaurationis
2034 1971 2082 2009 et
2112 1981 2231 2026 aug-

73 2045 406 2086 mentationis
444 2044 814 2096 scientiarum,
851 2044 923 2086 ita
962 2050 1015 2085 ut
1053 2043 1239 2102 exiguo
1279 2049 1507 2100 tempore
1547 2048 1595 2084 et
1625 2042 1855 2100 negotio,
1897 2040 2117 2086 simodo
2149 2058 2233 2086 ve-

73 2119 166 2163 lint
218 2119 480 2172 homines,
534 2135 713 2178 magna
768 2120 1020 2178 praestari
1075 2119 1274 2178 possint
1325 2116 1387 2160 ad
1439 2116 1711 2161 felicitatis
1755 2117 2008 2161 humanae
2056 2120 2232 2162 incre-

75 2203 312 2239 mentum.
351 2223 407 2227 —
468 2196 655 2239 Titulum
692 2195 803 2239 hunc
832 2194 1066 2253 longiorem
1113 2195 1202 2253 ipse
1241 2193 1467 2237 Leibnitius
1502 2196 1733 2253 fragmento
1772 2193 1934 2247 indidit,
1973 2193 2086 2253 quod
2125 2201 2232 2237 tam-

77 2288 204 2330 quam
232 2273 412 2317 indicem
441 2275 620 2317 continet
650 2272 717 2316 vel
747 2273 1062 2332 promissionem
1094 2286 1240 2314 eorum
1272 2286 1392 2330 quae,
1424 2272 1593 2314 scientia
1624 2269 1826 2331 generalis
1849 2277 2059 2328 praestare
2089 2269 2237 2314 debeat

74 2356 145 2391 aut
176 2357 309 2408 queat.

191 2426 297 2469 XIII.
342 2427 419 2470 De
458 2433 642 2470 natura
682 2433 730 2468 et
767 2441 863 2468 usu
903 2426 1155 2468 scientiae
1202 2423 1476 2484 generalis.
1538 2422 1809 2481 Inscricriptio
1849 2437 1945 2466 mea
1983 2429 2054 2466 est.
2115 2421 2234 2465 Haec

76 2504 365 2545 commentatio
398 2504 660 2561 praefationis
691 2504 874 2561 speeiem
905 2502 1029 2545 habet
1059 2509 1129 2544 aut
1158 2499 1481 2544 introductionis.

194 2578 305 2620 xiv.
337 2579 591 2638 Synopsis
629 2579 764 2632 libri,
803 2580 883 2622 cui
922 2577 1110 2621 titulus
1141 2578 1258 2621 erit:
1321 2577 1549 2619 Scientia
1588 2591 1718 2618 nova
1749 2574 2011 2634 generalis
2042 2589 2129 2632 pro
2161 2575 2233 2617 in-

77 2655 394 2696 stauratione
425 2663 472 2697 et
511 2658 803 2715 augmentis
834 2656 1168 2698 scientiarum
1199 2653 1259 2697 ad
1291 2651 1552 2711 publicam
1583 2650 1895 2695 felicitatem.
1956 2650 2113 2694 Inserui
2143 2649 2224 2693 hoe

77 2732 364 2786 fragmentum,
394 2731 461 2771 eui
490 2733 576 2787 ipsc
607 2739 746 2774 noster
775 2731 939 2774 titulum
970 2732 1186 2788 inscripsit,
1219 2731 1315 2787 quia
1334 2728 1429 2770 inde
1452 2734 1632 2785 apparet,
1665 2743 1791 2784 quam
1811 2728 2035 2785 imaginem
2057 2727 2235 2769 universi

80 2804 288 2847 literarum
320 2805 428 2847 orbis
458 2805 682 2849 Leibnitius
714 2810 993 2867 (provectiore
1031 2810 1073 2851 ni
1103 2806 1219 2849 fallor
1257 2808 1412 2859 aetate)
1445 2805 1582 2846 animo
1614 2804 1869 2861 conceperit,
1907 2819 2075 2862 quoque
2111 2800 2234 2844 modo

78 2884 117 2924 iu
158 2898 286 2923 unum
326 2882 512 2940 redigere
550 2890 721 2925 conatus
759 2887 808 2925 sit
845 2886 1038 2927 scientiae
1078 2898 1298 2924 summam.
1360 2881 1582 2924 Praeterea
1619 2879 1699 2922 hoc
1729 2882 2006 2947 fragmentum
2045 2878 2232 2930 ostendit,

79 2957 327 3000 Leibnitium
367 2975 474 3016 quae
514 2961 554 3001 in
587 2959 886 3002 mathematicis
917 2968 957 3002 et
988 2958 1168 3017 physicis
1199 2974 1249 3001 eo
1288 2965 1477 3016 tempore
1511 2958 1599 3015 jam
1637 2958 1893 3014 praestiterat
1932 2969 2098 3011 semper
2127 2955 2232 2996 refe-

78 3035 204 3077 renda
236 3042 402 3093 putasse
434 3034 483 3076 ad
515 3034 722 3076 molimina
755 3035 1047 3093 philosophica.

167 3110 265 3154 XV.
306 3110 577 3154 Guilielmi
614 3110 812 3154 Pacidii
849 3110 973 3154 Plus
1022 3109 1180 3164 ultra,
1220 3112 1330 3154 sive
1369 3111 1524 3153 initia
1565 3115 1614 3151 et
1653 3109 1937 3167 specimina
1977 3106 2231 3150 scientiae

81 3186 340 3244 generalis
380 3187 438 3230 de
479 3189 868 3231 instauratione
908 3193 959 3230 et
996 3187 1287 3246 augmentis
1328 3187 1668 3229 scientiarum
1708 3199 1762 3226 ac
1808 3182 1866 3224 de
1906 3182 2233 3240 perficienda

78 3271 248 3307 mente
292 3279 569 3323 rerumque
613 3263 1010 3308 inventionibus
1047 3262 1106 3307 ad
1145 3263 1406 3322 publicam
1443 3261 1767 3305 felicitatem.
1807 3284 1863 3289 —
1911 3257 2231 3302 Oeconomia

79 3341 262 3398 operis.
322 3339 535 3399 Inscriptio
566 3340 834 3385 Leibnitiana.
900 3338 946 3384 In
977 3341 1147 3398 synopsi
1184 3338 1310 3383 modo
1348 3337 1516 3382 laudata
1542 3339 1629 3397 jam
1666 3337 1856 3378 innuerat
1896 3340 2016 3378 autor
2053 3336 2232 3379 nominis
