2361 3643
1132 187 1291 244 Lxl.

555 307 982 354 OnsEPthTlo
1027 306 1112 351 AD
1159 304 1643 351 RECENSIONEM
1695 305 1871 351 minu

236 421 378 498 DE
472 420 755 497 FIDEl
845 419 979 496 ET
1069 415 1553 495 RATIONIS
1649 417 2186 495 CONSENSU

410 566 443 602 A
472 566 668 602 DOMINO
704 565 988 608 JAQUELOTO
1023 564 1174 612 EDITI,
1209 563 1375 599 MENSE
1409 561 1615 599 OCTOBRI
1656 562 1760 598 1701
1800 563 2008 599 FACTAM.

1042 719 1068 772 1
1133 717 1166 774 7

1230 714 1381 773 05.

283 894 387 928 (Aeta
412 894 533 923 Erudit.
561 894 651 929 Lips.
677 896 754 923 nec.
786 895 884 923 1705.
911 901 939 929 p.
965 894 1045 922 553.
1070 908 1110 914 ·-
1139 892 1277 921 Leihn.
1304 894 1384 927 opp.
1410 892 1474 920 Ed.
1500 892 1663 920 Dutens
1689 893 1835 920 '1¹01n.11.
1861 893 1897 920 1‘.
1928 893 1953 919 ί.
1980 900 2010 926 p.
2038 888 2132 929 256.)

186 1071 277 1105 Cum
305 1070 390 1106 hacc
411 1070 585 1106 Recensio
606 1069 805 1106 Clarissimi
834 1070 855 1104 J
862 1069 1071 1115 aqueloti
1100 1079 1178 1103 sen·
1207 1085 1208 1089 =

127 1129 279 1164 tentiam
313 1130 364 1164 de
399 1129 702 1165 Leibnitiana
737 1129 1011 1164 Harmoniae
1046 1138 1177 1174 prac-

127 1200 145 1222 s
154 1191 167 1222 t
177 1199 198 1223 a
207 1188 230 1223 b
241 1188 270 1223 il
280 1189 291 1223 i
301 1192 314 1223 t
324 1200 345 1223 a
354 1200 373 1223 e
400 1189 500 1235 Hyp
509 1189 583 1223 oth
594 1200 612 1223 e
623 1200 638 1223 s
651 1189 662 1223 i
689 1188 858 1234 attigerit,
894 1198 985 1233 quae
1013 1186 1177 1233 nuspiam
1206 1201 1208 1209 ,

125 1246 240 1282 adhue
267 1248 307 1282 in
333 1247 388 1282 his
418 1248 520 1282 Actis
548 1250 601 1282 est
628 1247 827 1294 explicata,
868 1257 997 1292 operae
1021 1247 1175 1293 pretium

125 1305 245 1341 visum
272 1310 337 1353 est,
366 1306 413 1341 ad
440 1307 626 1341 meliorem
654 1306 729 1349 ejus
758 1306 994 1351 intellectum,
1031 1306 1175 1339 missam

124 1364 231 1399 nobis
248 1364 410 1410 ipsorum
432 1365 516 1399 Dni.
537 1365 559 1398 J
567 1376 587 1399 a
596 1376 617 1410 q
627 1365 775 1399 ueloti
798 1364 987 1399 verborum
1005 1375 1050 1398 ex
1065 1364 1176 1399 Libro

124 1423 298 1457 recensito
329 1426 579 1469 excerptorum
608 1422 774 1458 Latinam
812 1423 1014 1457 versionem
1049 1422 1176 1465 adjun-

119 1492 224 1527 gere,
260 1483 300 1517 ut
327 1485 517 1529 appareat,
552 1482 632 1527 quis
661 1492 850 1516 sonsensus
886 1483 949 1516 aut
984 1481 1173 1516 dissensus.

127 1540 245 1581 »Quia
266 1540 443 1587 (inquit
463 1552 557 1587 pag.
584 1540 675 1576 381.
703 1540 819 1585 382.)
841 1539 984 1574 difficile
1005 1543 1058 1574 est
1079 1549 1175 1574 com-

125 1599 378 1647 nprehendere,
400 1600 581 1645 quomodo
602 1601 767 1635 voluntas
786 1601 924 1634 motum
945 1598 1087 1644 corpori
1108 1598 1173 1633 im-

126 1673 143 1685 »
151 1662 263 1706 peret,
293 1659 555 1694 Celeberrimus
575 1658 840 1693 Leibnitius
857 1658 993 1704 Corpus
1014 1656 1173 1692 conside-

125 1720 207 1752 »rat
234 1721 404 1764 tanquam
433 1718 636 1753 machinam
666 1722 803 1752 tensam
831 1720 865 1752 et
887 1716 1098 1763 dispositam
1127 1715 1173 1750 ad

127 1776 354 1811 »efficiendos
370 1788 494 1812 omnes
511 1781 628 1812 motus
644 1788 733 1823 quos
749 1775 925 1823 producit,
949 1779 984 1810 et
1001 1775 1172 1810 Animam

126 1837 321 1880 »tanquam
356 1835 592 1871 substantiam
627 1846 751 1871 omnes
786 1835 1031 1870 continentem
1075 1834 1172 1869 ideas

125 1905 226 1928 »sese
245 1894 439 1929 successive
458 1894 673 1941 evolventes,
698 1894 807 1930 modo
824 1894 983 1930 motibus
1004 1893 1172 1929 omnibus

124 1953 310 1999 »corporis
331 1953 507 1989 conformi
528 1957 563 1988 et
589 1954 898 2000 correspondente.
948 1953 1071 1998 Itaque
1091 1963 1172 1988 cum

125 2012 339 2047 »brachium
369 2023 513 2048 movere
534 2012 631 2060 volo,
659 2012 790 2060 evenit,
819 2016 858 2047 ut
886 2012 1072 2047 brachium
1096 2022 1171 2047 mo-

125 2075 274 2105 »veatur
296 2072 426 2107 virtute
447 2071 631 2106 machinae
652 2071 848 2117 dispositae
868 2074 973 2117 atque
994 2069 1172 2105 tendentis

124 2145 141 2157 υ
149 2129 195 2164 ad
212 2130 395 2165 brachium
408 2131 444 2165 in
462 2131 526 2166 hoc
543 2130 691 2165 instanti
707 2130 936 2166 movendum.
967 2130 1044 2164 Hoc
1062 2129 1171 2165 modo

124 2188 283 2224 »Anima
312 2192 347 2224 et
368 2190 506 2236 Corpus
533 2201 570 2222 se
600 2190 673 2224 fere
700 2189 883 2224 habebunt
915 2192 953 2224 nt
973 2188 1044 2222 duo
1065 2188 1169 2223 horo-

124 2247 244 2293 »logia
266 2248 432 2295 pendula,
463 2259 552 2294 quae
574 2250 692 2283 motus
715 2260 797 2284 suos
819 2247 951 2294 pariter
971 2247 1172 2293 iisdemque

107 2307 341 2353 »momentis
374 2310 553 2342 exercent.
599 2307 669 2348 Qui
697 2318 821 2343 causas
849 2306 1090 2341 occasionales
1111 2307 1169 2341 de-

123 2366 308 2412 »fendunt,
337 2367 463 2402 volunt
493 2366 539 2401 ob
571 2366 740 2401 unionem
768 2366 911 2400 animae
932 2368 967 2400 et
994 2365 1166 2412 corporis,
1194 2380 1196 2406 ;

122 2425 262 2459 »Deum
283 2425 328 2460 ad
349 2428 530 2461 certorum
552 2428 715 2460 motuum
736 2424 971 2472 praesentiam
992 2424 1028 2459 in
1045 2424 1169 2459 anima
1194 2428 1195 2472 1
1225 2435 1304 2459 rum
1325 2435 1377 2471 ea,
1402 2434 1471 2469 qua
1491 2424 1601 2466 fruor,
1634 2421 1810 2465 libertate,
1833 2430 1947 2465 neque
1968 2420 2068 2454 illam
2088 2420 2200 2467 ipsius
2216 2433 2277 2457 au-

1193 2495 1195 2500 ·
1223 2482 1350 2519 tomati
1372 2485 1603 2529 spontaneam
1623 2480 1668 2515 ad
1685 2491 1767 2514 suos
1789 2481 1906 2513 motus
1927 2479 2276 2527 determinationem,

1193 2543 1195 2551 ’
1224 2542 1415 2589 quicquam
1437 2539 1593 2575 libertati
1618 2549 1717 2573 meae
1740 2537 2076 2584 1›raejudicaturum.

124 2498 141 2510 »
151 2484 306 2518 formare
333 2487 447 2518 certas
468 2485 577 2530 ideas,
607 2487 642 2518 et
662 2485 707 2519 ad
730 2484 966 2531 praesentiam
988 2486 1166 2518 certorum

123 2544 293 2576 »actuum
314 2542 518 2588 voluntatis,
548 2543 662 2577 Deum
691 2543 886 2589 producere
914 2546 1028 2577 certos
1049 2546 1168 2577 motus

123 2600 185 2634 »in
206 2611 366 2646 corpore.
428 2601 532 2641 Quod
562 2601 629 2635 Dn,
653 2601 910 2636 Leibnitius
933 2612 1004 2635 non
1027 2601 1168 2646 probat,

122 2658 231 2704 »quia
256 2659 324 2693 ista
353 2658 556 2704 hypothesis
585 2662 754 2705 perpetua
782 2660 953 2705 supponit
983 2660 1167 2694 miracula.
1194 2669 1196 2703 :¹

1194 2709 1196 2714 ¹
1226 2720 1433 2763 Systema
1455 2715 1735 2750 Harmoniae
1756 2715 2129 2761 praestabilitae.

121 2718 310 2762 »Systema
332 2720 511 2764 receptmn
533 2717 691 2752 medium
720 2717 813 2753 inter
836 2718 899 2752 has
920 2718 1008 2752 duas
1029 2721 1169 2753 senten-

121 2777 214 2811 »tias
236 2780 343 2823 tenet,
372 2787 463 2822 quae
484 2787 630 2823 magnas
651 2776 875 2811 difficultates
895 2778 970 2823 pati
991 2776 1166 2811 videntur.

122 2836 270 2870 »Videri
296 2836 409 2882 possit
437 2835 553 2881 prima
581 2835 715 2881 specie,
753 2835 788 2869 in
825 2835 944 2881 priore
972 2838 1167 2879 systemate

121 2895 350 2930 »libertatem
372 2906 445 2929 non
467 2894 537 2929 nisi
553 2893 733 2940 quandam
754 2894 958 2929 illusionem
977 2905 1064 2940 esse,
1086 2905 1166 2929 cum
1196 2932 1197 2937 ¹

1196 2954 1197 2973 ³
1227 2953 1287 2998 (1111
1314 2951 1417 2987 novit
1443 2962 1568 2986 omnes
1596 2951 1912 2988 determinationes
1940 2961 2038 2987 meae
2066 2950 2270 2985 voluntatis.

122 2954 267 2988 »anima
297 2958 333 2989 et
353 2965 482 3000 corpus
511 2965 574 3000 per
601 2963 744 2987 eausam
774 2953 953 2988 efficacem
974 2955 1166 2988 013111000-

122 3011 291 3048 »dentem
325 3013 372 3047 ad
405 3024 531 3048 omnes
559 3023 639 3047 suas
665 3012 901 3057 cogitationes
936 3014 973 3046 et
1009 3011 1167 3046 actiones

123 3071 400 3118 »disponantur‚
440 3075 651 3117 tantumque
679 3082 801 3106 revera
828 3070 1032 3116 evolvatur,
1071 3071 1167 3116 quod
1197 3081 1199 3110 1

1196 3141 1198 3145 ’
1226 3140 1316 3176 (11130
1343 3129 1380 3163 111
1402 3128 1483 3163 31115
1512 3128 1749 3175 reperiuntur.

122 3132 223 3164 »erat
243 3133 373 3166 tectum
393 3134 428 3166 et
450 3132 661 3166 involutum.
700 3131 907 3174 Systema
929 3139 1166 3164 causarum

124 3188 508 3225 »occasionalium
537 3189 736 3234 majoribus
765 3188 878 3224 adhuc
897 3187 1168 3223 difficultatibus

123 3247 300 3282 »laborat
345 3248 437 3283 Nam
467 3249 502 3284 in
531 3260 574 3283 eo
596 3250 692 3284 Deus
720 3248 794 3294 agit
821 3247 954 3288 onmia,
984 3249 1167 3283 creaturae

123 3316 220 3342 »non
242 3305 310 3340 nisi
340 3307 487 3343 umbrae
507 3311 590 3343 sunt
612 3318 737 3355 vanae,
761 3310 796 3341 et
818 3306 914 3342 entia
935 3306 1085 3342 actionis
1106 3317 1166 3341 ex-

1240 1067 1390 1115 »pertia.
1443 1066 1537 1108 Quid
1567 1076 1652 1110 ergo
1681 1066 1875 1101 virtutibus
1903 1068 1939 1100 01
1970 1065 2066 1101 vitiis
2100 1066 2181 1100 liet?
2227 1065 2287 1100 An

1240 1127 1359 1163 »credi
1387 1129 1547 1173 oportet,
1580 1126 1694 1160 Deum
1715 1125 1761 1160 ad
1787 1128 1971 1172 aspectum
1999 1124 2225 1159 Batsebae
2249 1125 2286 1159 in

1239 1187 1386 1222 ”anima
1414 1184 1603 1220 Davidis
1632 1184 1750 1219 ideam
1772 1184 2078 1230 concupiscentiae
2099 1184 2284 1229 excitasse,

1239 1250 1300 1281 »et
1349 1246 1386 1280 in
1435 1244 1573 1279 animas
1614 1243 1887 1278 Pharisaeorum
1927 1242 2146 1289 impressisse
2188 1242 2285 1277 ideas

1239 1304 1505 1351 »blasphemiae
1540 1306 1663 1338 contra
1692 1303 1876 1350 Spiritum,
1913 1313 1995 1337 cum
2017 1302 2210 1337 daemones
2231 1301 2283 1336 vi-

1238 1364 1387 1398 »derent
1427 1374 1472 1397 ex
1519 1362 1728 1408 corporibus
1770 1361 2087 1397 daemoniacorum
2127 1360 2283 1403 ejectos?

1238 1423 1484 1467 »Quocunque
1504 1421 1647 1467 effugio,
1677 1423 1738 1455 aut
1758 1431 1966 1466 quacunque
1987 1420 2185 1455 subtilitate
2206 1422 2283 1454 uta-

1238 1500 1254 1512 ‚‚
1263 1491 1354 1526 mur,
1372 1492 1427 1515 res
1443 1480 1508 1514 huc
1519 1490 1657 1526 semper
1673 1479 1774 1514 redit.
1808 1479 1967 1525 Exponit
1983 1479 2111 1514 deinde
2119 1478 2282 1514 Clarissi-

1238 1556 1253 1567 »
1262 1550 1341 1574 mus
1351 1540 1467 1573 Autor
1476 1538 1643 1584 rationes,
1663 1548 1724 1573 cur
1740 1541 1896 1581 systema
1906 1541 2100 1583 receptum,
2119 1548 2192 1583 (1110
2204 1537 2281 1572 3111-

1237 1609 1321 1633 »ma
1337 1598 1373 1632 in
1383 1608 1511 1644 eorpus
1520 1600 1554 1632 et
1569 1607 1697 1642 eorpus
1713 1596 1751 1630 in
1767 1597 1926 1631 animam
1942 1597 2116 1631 influxum
2127 1600 2279 1643 exercet,

1236 1656 1329 1704 »ipsi
1346 1657 1459 1700 magis
1476 1656 1602 1702 placet.
1618 1655 1685 1690 Sed
1702 1655 1846 1690 tandem
1866 1655 1979 1700 pergit
1997 1667 2031 1701 p.
2058 1655 2153 1690 387.
2174 1666 2275 1701 sqq.«

1289 1716 1326 1752 Si
1347 1719 1469 1751 tamen
1491 1718 1649 1759 systema
1665 1714 1934 1749 Leibnitianum
1950 1714 2040 1748 110110
2057 1714 2279 1761 intelligitur,

1230 1774 1436 1822 reperietur,
1460 1775 1546 1809 ineo
1562 1785 1636 1809 non
1652 1773 1784 1808 destrui
1802 1773 2024 1817 libertatem,
2047 1774 2168 1807 anima
2184 1774 2281 1808 enim

1230 1834 1437 1870 facultatem
1447 1833 1554 1869 habet
1562 1833 1702 1868 decreta
1711 1843 1775 1867 sua
1785 1831 1975 1879 formandi,
1986 1843 2026 1866 ac
2037 1832 2176 1867 volendi
2186 1833 2281 1878 quod

1230 1895 1357 1941 placet.
1386 1893 1430 1928 Et
1439 1892 1534 1939 quod
1545 1892 1704 1927 actiones
1720 1892 1878 1937 corporis
1889 1891 1934 1926 ab
1950 1891 2071 1926 anima
2085 1891 2281 1938 imperatas

1229 1949 1367 1998 attinet,
1380 1963 1451 1987 non
1469 1952 1734 1998 potestofticere
1744 1950 1900 1985 libertati
1912 1950 2101 1996 dispositio
2120 1951 2281 1996 eorporis

1228 2012 1279 2046 ita
1293 2011 1401 2046 aDeo
1417 2010 1574 2056 formati,
1593 2013 1631 2044 ut
1648 2013 1768 2044 motus
1778 2008 2019 2054 ejuspraeeise
2035 2009 2280 2044 voluntatibus

1227 2072 1370 2105 animae
1403 2068 1662 2115 respondeant,
1700 2068 1796 2113 quod
1832 2067 1895 2102 tali
1923 2067 2090 2113 exemplo
2126 2067 2278 2113 intelligi

1227 2131 1355 2175 potest.
1387 2128 1580 2174 Ponamus,
1602 2126 1852 2161 Mechanieum
1869 2126 2050 2171 egregium
2068 2126 2167 2172 scire,
2186 2136 2278 2172 quae

1228 2199 1295 2233 ego
1317 2187 1453 2223 famulo
1482 2197 1563 2221 meo
1594 2185 1657 2220 tali
1680 2185 1737 2220 die
1759 2185 1828 2218 sim
1848 2184 2098 2232 imperaturus,
2128 2196 2278 2231 eumque

1227 2258 1330 2293 posse
1351 2248 1507 2282 formare
1535 2247 1761 2279 automatum
1788 2254 1851 2290 par
1871 2244 2089 2288 exequendis
2111 2244 2278 2279 omnibus

1228 2305 1386 2341 motibus
1414 2316 1436 2340 a
1464 2315 1521 2339 1110
1548 2315 1590 2338 ea
1621 2304 1678 2339 die
1698 2302 1933 2349 imperandis:
1966 2302 2109 2337 Certum
2130 2306 2194 2349 est,
2219 2313 2277 2337 me

1226 2368 1310 2400 tunc
1330 2367 1516 2399 automato
1548 2363 1600 2397 illi
1623 2366 1791 2407 tanquam
1819 2361 1954 2395 famulo
1977 2371 2057 2396 meo
2084 2362 2278 2408 imperatu-

2138 2539 2275 2575 Eodem

1225 2612 1261 2635 se
1283 2599 1391 2635 modo
1421 2611 1476 2634 res
1503 2598 1608 2633 habet
1639 2598 1675 2632 in
1706 2608 1854 2642 corpore
1882 2596 2057 2643 humano,
2080 2594 2274 2634 secundum

1226 2663 1384 2704 systema
1416 2656 1692 2701 Leibnitianum,
1729 2655 1825 2702 quod
1859 2655 1941 2691 ideo
1975 2657 2149 2702 appellari
2184 2659 2274 2693 solet

2181 2717 2274 2751 Deus

1227 2776 1399 2812 formavit
1433 2776 1558 2809 nostra
1592 2784 1741 2820 corpora
1777 2776 1948 2819 tanquam
1977 2775 2157 2810 machinas
2184 2786 2273 2820 quae

1227 2836 1360 2871 debent
1379 2832 1593 2880 respondere
1612 2832 1716 2868 certis
1740 2832 1896 2868 motibus
1912 2837 2116 2869 nostrarum
2137 2834 2273 2868 anima-

1226 2905 1320 2929 rum.
1372 2893 1460 2928 Tale
1486 2895 1710 2927 automatum
1737 2903 1812 2928 non
1844 2895 1898 2927 est
1935 2892 2155 2939 impossibile
2182 2893 2270 2937 Deo,

1226 3014 1415 3057 motusque
1443 3009 1628 3046 machinae
1662 3010 1715 3045 his
1744 3009 2100 3046 determinationilms
2134 3019 2271 3043 3000111-

1227 3070 1401 3106 modavit.
1440 3070 1517 3105 Hoc
1536 3072 1694 3113 systema
1715 3073 1898 3105 exemtum
1919 3072 1972 3104 est
1988 3067 2268 3113 difficultatibus,

1812 3129 1892 3163 Non
1922 3125 2128 3171 intelligitur
2152 3126 2189 3160 in
2209 3138 2268 3169 sy-

1226 3191 1375 3223 stemate
1395 3190 1549 3234 recepto,
1577 3187 1760 3234 quomodo
1781 3188 1946 3222 voluntas
1973 3195 2076 3229 agere
2099 3185 2212 3230 possit
2231 3185 2267 3220 in

1224 3257 1365 3294 corpus,
1386 3249 1421 3281 et
1443 3246 1480 3282 in
1496 3250 1689 3291 systemate
1704 3256 1887 3281 causarum
1904 3242 2176 3278 occasionalium
2192 3255 2267 3279 om—

1226 3305 1285 3342 nia
1307 3307 1394 3342 fiunt
1411 3305 1633 3352 miraculose,
1655 3309 1690 3340 et
1708 3305 1802 3341 Deus
1816 3304 1934 3338 movet
1951 3301 2134 3338 brachium
2150 3313 2268 3339 meum
