2361 3643
155 160 237 205 462

156 260 373 311 praescripta
392 254 589 291 eruditione
617 251 762 298 obtulit,
792 248 993 284 videbimus
1021 259 1093 294 quo
1121 258 1196 283 suc·
1226 252 1228 282 Ξ

1227 301 1229 316 ”
1254 303 1439 351 paradoxa
1467 303 1577 338 etiam
1605 303 1673 337 crit
1702 303 1866 338 doctrina
1901 307 2060 342 omnium
2094 310 2295 342 vestrarum

1228 364 1229 387 ἲ
1255 362 1479 407 Scliolarum,
1510 361 1553 396 de
1573 361 1752 396 creatione
1779 362 1920 397 animae
1946 365 2150 412 rationalis,
2179 369 2214 400 et
2242 375 2296 400 rc-

155 332 262 357 cessu.
320 314 424 357 Quod
445 314 615 359 superest,
650 310 729 345 vale
757 312 793 344 et
816 310 906 343 save.

214 378 424 413 Hanoverae
447 371 513 406 31.
533 370 602 405 Jul.
631 369 754 405 1709.

563 428 720 464 Godef.
752 426 867 462 Guil.
897 421 1167 459 Leibuitius.

214 493 251 527 Ρ.
274 492 307 526 S.
344 491 433 525 Cum
454 487 617 536 prodiere
639 485 842 522 Novissima
862 492 942 519 mea
962 481 1076 516 Sinica
1097 481 1197 527 olim,

158 552 310 587 Romam
340 549 448 583 missa
469 550 561 593 sunt,
590 550 638 593 et,
669 544 786 589 credo,
818 555 881 591 per
902 543 971 577 Dn.
1002 539 1199 585 Maglia-

158 608 411 654 becchium,
442 605 487 642 ad
509 605 720 641 Generalem
747 602 995 650 Praepositum
1019 598 1199 635 societatis

157 671 296 703 vestrae
316 668 565 713 pervenerunt,
601 664 661 710 qui
694 659 741 711 (si
769 663 860 697 bene
889 659 1055 703 memini)
1090 659 1199 693 etiam

158 738 219 773 per
240 727 329 761 1111110
349 725 496 760 salutari
527 735 583 758 me
599 722 717 766 jussit.
785 720 1053 756 Ptolomaeo
1081 719 1199 751 vestro

158 786 237 820 viro
264 795 405 819 summo
434 794 491 818 me
517 779 761 817 commendari
796 782 892 826 peto.
952 777 1022 812 Ubi
1052 785 1199 822 opuseu-

159 845 231 878 lum
259 847 383 878 contra
407 842 612 886 ssaylium
642 838 826 886 prodierit,
852 836 985 880 judicia
1014 834 1091 878 ejus
1118 834 1201 869 sub-

157 904 311 937 mittam.

428 1129 788 1168 EPISTULA
838 1128 935 1164 XIV.

220 1215 466 1252 Admodum
498 1211 762 1249 Reverende
792 1212 938 1257 Pater,
979 1210 1147 1246 Fautor

537 1270 825 1307 Honorande.

218 1368 294 1403 Etsi
323 1368 388 1402 boc
416 1366 503 1402 mihi
531 1376 603 1401 11011
631 1365 806 1410 tribuam,
835 1366 874 1399 ut
901 1366 1033 1409 putem,
1067 1364 1205 1397 ¹senten·
1235 1355 1236 1362 ’

160 1428 248 1463 tiam
270 1437 387 1461 meam
408 1426 453 1461 de
473 1425 578 1460 rebus
598 1424 722 1459 Sinicis
743 1424 931 1469 quiequam
953 1433 1056 1468 posse
1077 1421 1206 1455 babere
1235 1412 1236 1424 ¹

161 1487 375 1532 autoritatiS,
396 1495 537 1532 sperem
560 1487 677 1518 tamen
707 1483 862 1517 rationes
891 1492 961 1515 non
991 1479 1206 1526 spernendas
1234 1517 1235 1523 ¹

161 1547 276 1580 visum
298 1545 354 1591 iri,
369 1547 405 1579 et
424 1547 520 1578 certe
540 1542 626 1577 1111111
650 1539 954 1588 pi·a‹1·eipitan(lu1n
978 1539 1090 1573 videri
1112 1539 1146 1573 in
1169 1549 1206 1572 re
1234 1547 1235 1550 ’

602 1601 746 1635 Gratias
782 1610 848 1646 pro
882 1597 1207 1634 communicatione
1234 1598 1235 1637 ᾖ

163 1616 234 1639 11011
262 1604 346 1638 satis
374 1603 542 1637 discussa.

163 1663 302 1699 Decreti
324 1661 488 1696 Sinensis.
548 1658 721 1705 Displicet
747 1657 843 1704 quod
872 1657 1036 1691 Sinenses
1062 1655 1206 1702 ι111110111-

163 1733 224 1758 eae
245 1720 477 1756 revolutionis
498 1718 664 1754 notitiam
686 1717 817 1751 babere
837 1715 953 1749 video.

221 1781 373 1815 Gratum
393 1778 461 1813 erit
487 1776 691 1823 exemplum
719 1775 800 1810 libri
821 1774 866 1809 de
887 1773 1013 1820 spiritu
1033 1783 1209 1808 novorum

164 1838 358 1882 Augustini
379 1836 644 1882 discipulorum,
666 1835 731 1869 etsi
752 1833 931 1869 interdum
946 1833 1025 1879 plus
1046 1831 1210 1866 ostendat

165 1895 420 1941 mordacitatis,
458 1905 567 1941 quam
601 1893 801 1940 aequitatis.
863 1892 1002 1937 Nempe
1037 1891 1208 1926 Iliacos

166 1957 283 1993 intra
304 1964 470 1990 muros,

223 2016 365 2055 Quaero
397 2023 442 2047 an
478 2014 532 2046 tot
564 2011 704 2046 animas
732 2010 770 2044 in
798 2008 901 2044 nobis
931 2018 1063 2054 ponere
1090 2006 1206 2051 liceat,

165 2076 253 2119 quot
273 2072 403 2116 gradus
425 2070 646 2106 essentiales:
679 2080 712 2103 v.
733 2079 765 2112 g.
811 2068 869 2102 An
898 2069 969 2101 tres
989 2065 1128 2100 animas
1149 2065 1209 2100 lia-

166 2131 340 2177 bebimus,
363 2130 448 2175 quia
476 2129 540 2173 (ex
561 2128 697 2174 vulgari
726 2127 853 2162 saltem
880 2124 1075 2168 sententia)
1103 2124 1208 2159 babe-

166 2202 244 2226 mus
273 2189 505 2235 vegetativac,
536 2187 726 2222 sensitis-ae
754 2190 789 2221 et
818 2184 1002 2220 rationalis
1022 2183 1208 2230 perfectio-

166 2261 228 2285 nes
262 2249 298 2283 in
334 2247 459 2283 eodem
494 2246 667 2290 subjecto.
727 2244 884 2289 Negabis
927 2243 1065 2289 opinor.
1126 2242 1209 2277 Non

166 2319 249 2354 ergo
271 2307 441 2353 dicemus,
470 2305 565 2341 dieto
593 2316 688 2340 novo
715 2303 825 2348 gradu
854 2301 1048 2347 essentiali,
1078 2311 1209 2335 novam

166 2367 325 2403 animam
345 2365 432 2400 dari.
492 2364 568 2400 Hos
587 2363 718 2409 gradus
738 2362 916 2408 appellare
937 2359 1058 2394 licebit
1078 2360 1212 2394 tacul-

167 2428 296 2461 tates.
358 2422 520 2469 Intelligo
554 2426 675 2458 autem
711 2420 912 2468 primitivas
948 2418 1068 2463 aliquo
1103 2417 1211 2452 modo

168 2494 242 2519 non
269 2482 418 2517 invicem
447 2482 697 2528 dependentes,
729 2483 767 2515 ut
794 2477 1010 2513 sensitis-itas
1038 2479 1093 2511 cst
1116 2476 1212 2511 inde-

167 2541 324 2589 pendens
351 2552 372 2575 a
398 2541 648 2586 rationalitate,
685 2539 753 2574 etsi
788 2539 938 2573 fortasse
972 2536 1009 2570 in
1043 2534 1213 2570 creaturis

168 2611 242 2638 non
262 2602 395 2634 contra.
456 2600 583 2634 Putem
610 2601 741 2644 autem,
763 2596 893 2641 gradus
913 2594 1120 2629 essentiales
1141 2604 1213 2628 non

170 2658 239 2695 nisi
261 2669 282 2693 a
304 2658 379 2692 Deo
400 2657 487 2703 dari,
520 2661 555 2693 et
584 2658 661 2693 tolli
688 2667 810 2703 posse:
843 2654 940 2701 quod
969 2664 1066 2688 secus
1093 2655 1147 2687 est
1175 2652 1212 2687 in

169 2716 415 2765 qualitatibus,
438 2727 498 2750 seu
519 2716 738 2752 derivativis.
790 2715 866 2761 Ego
894 2712 1029 2758 alioqui
1058 2722 1129 2747 non
1155 2722 1211 2746 so-

172 2779 228 2813 leo
249 2785 371 2810 curare
391 2775 451 2808 bas
471 2774 514 2808 de
541 2774 762 2821 entitatibus,
793 2784 854 2808 seu
885 2771 1088 2817 abstractis,
1108 2780 1213 2816 quae-

172 2835 315 2871 stiones.
375 2832 536 2866 Dicerem
565 2834 626 2868 tali
655 2844 737 2868 casu
759 2830 1010 2875 substantiam,
1039 2840 1130 2875 quae
1151 2840 1213 2863 an-

173 2898 230 2930 tea
251 2890 455 2927 ratiocinari
482 2900 553 2924 non
574 2895 724 2938 poterat,
754 2902 845 2926 nunc
866 2900 984 2936 posse,
1008 2888 1114 2934 idque
1141 2898 1213 2923 non

173 2956 323 2989 naturae
342 2949 389 2994 vi,
413 2947 473 2983 sed
495 2947 573 2982 Dei.
635 2950 746 2984 Dicis:
784 2948 841 2983 »Si
864 2950 1021 2983 mentem
1042 2950 1140 2983 tuam
1161 2957 1211 2982 re-

178 3014 257 3046 „cte
291 3007 461 3056 percipio,
496 3006 638 3040 animae
675 3007 892 3042 irrationalis
927 3007 964 3041 111
999 3006 1213 3041 rationalem

178 3066 452 3112 »transm-satio,
475 3067 565 3099 esset
586 3076 649 3109 pro
671 3066 790 3100 anima
810 3065 1006 3100 irrationali
1036 3075 1129 3110 quae
1155 3063 1214 3098 de-

179 3129 275 3173 »siit,
297 3124 511 3162 substituere
531 3123 785 3158 rationalem«
811 3125 872 3159 scd
902 3124 1001 3158 vides
1029 3134 1076 3158 ex
1096 3123 1211 3169 dictis,

174 3188 265 3222 hane
286 3186 441 3220 mentem
463 3192 578 3218 meam
600 3192 672 3216 non
694 3192 780 3215 esse.
839 3183 907 3222 Qui
935 3181 1115 3227 duplicem
1144 3184 1214 3216 sta-

175 3248 282 3280 tuunt
310 3245 348 3279 in
374 3241 479 3278 nobis
505 3241 675 3284 animam,
711 3239 807 3273 velut
835 3240 1101 3286 Gassendistae,
1138 3240 1212 3274 ani-

176 3315 272 3339 mam
308 3300 581 3337 immaterialem
618 3296 730 3334 brutis
758 3307 829 3331 non
858 3297 1031 3333 tribuunt.
1091 3299 1214 3344 Itaque

177 3362 227 3397 illi
253 3361 340 3398 nihil
365 3360 410 3395 ad
440 3358 634 3395 sententias
664 3366 769 3392 meas.
831 3354 865 3388 si
896 3355 1121 3392 I'aradoxum
1150 3367 1212 3403 pu-

656 157 773 194 LXX.
829 155 896 190 AD
927 155 1015 190 DIES
1045 153 1206 190 BOSSES
1238 150 1499 189 EPISTOLAF.
1529 151 1632 186 XIII.
1653 155 1689 187 et
1710 153 1810 189 XIV.

1254 249 1328 292 tas,
1365 244 1547 280 hominem
1581 255 1654 279 11011
1689 255 1794 290 posse
1821 246 1896 281 sirie
1923 247 2095 283 miraculo
2122 246 2294 293 generari,

1255 420 1468 457 currendum
1496 421 1564 455 erit
1591 420 1637 455 ad
1666 419 1742 464 ejus
1770 420 2090 467 praeexistentiam.
2150 424 2242 459 Nam
2265 423 2295 458 si

1257 480 1398 515 animae
1420 479 1610 514 rationales
1630 479 1666 513 in
1689 479 1884 514 seminibus
1905 479 2038 526 latent,
2065 482 2146 516 talis
2166 482 2297 517 tradux

1256 549 1379 574 revera
1400 541 1453 573 est
1474 538 1760 584 praeexistentia.
1821 538 1924 579 Quod
1947 538 1976 572 si
1998 538 2033 572 id
2054 540 2169 585 malis,
2190 552 2298 587 quam

1228 604 1229 612 ¹
1255 598 1396 632 animas
1425 608 1447 632 a
1475 597 1553 631 Deo
1588 608 1634 631 ex
1670 597 1938 632 irrationalibus
1966 596 2066 631 reddi
2093 598 2298 644 rationales,

1255 657 1344 692 adeo
1366 667 1438 691 non
1459 666 1628 702 repugno,
1650 659 1690 690 ut
1714 655 1834 702 potius
1854 657 2005 690 faveam.
2067 655 2112 690 Et
2133 667 2217 690 sane
2238 658 2299 692 ali-

1229 743 1230 748 ,
1256 715 1399 762 quando
1420 714 1573 759 cogitavi
1593 715 1798 749 innumeras
1825 715 1968 760 quidem
1996 714 2136 748 animas
2163 715 2300 750 sensiti-

1230 803 1231 828 1
1258 785 1321 809 vas
1343 785 1419 808 esse
1441 774 1477 808 in
1499 773 1692 808 seminibus
1716 773 1898 819 luunanis,
1922 777 1960 808 ut
1982 774 2145 808 omnium
2166 773 2302 808 anima-

1230 830 1232 840 ²
1260 834 1365 879 lium,
1389 833 1449 867 sed
1471 843 1531 867 eas
1553 833 1647 867 solas
1668 832 1797 867 babere
1818 832 2108 876 rationalitatem,
2133 832 2199 867 etsi
2214 843 2304 867 non-

1260 893 1345 927 dum
1375 903 1411 927 se.
1439 894 1662 936 exerentem,
1693 902 1844 936 quarum
1876 902 2005 937 corpus
2032 892 2239 938 organicum
2268 891 2304 926 iu

1261 952 1297 987 id
1332 950 1547 986 destinatum
1583 953 1688 991 esset,
1725 954 1764 984 ut
1795 951 1989 996 aliquando
2017 950 2064 984 sit
2097 950 2304 993 humanum,

1262 1010 1357 1056 quod
1382 1008 1459 1053 J'am
1487 1009 1524 1043 in
1551 1019 1594 1043 eo
1621 1008 1772 1055 perspici
1802 1012 1922 1056 posset
1942 1020 1963 1044 a
1985 1009 2071 1044 satis
2099 1009 2301 1056 perspicaci,

1262 1069 1315 1104 Ita
1336 1067 1614 1103 transcreatione
1637 1079 1726 1113 opus
1748 1078 1820 1102 nou
1840 1068 1919 1102 erit.

1320 1127 1533 1162 Adscribam
1569 1127 1678 1161 verba
1714 1126 1981 1162 sclicdiasmatis
2015 1124 2200 1170 cujusdam
2235 1126 2305 1160 mei

1263 1186 1397 1222 Latini:
1444 1186 1685 1232 »Propaeatio
1712 1186 1884 1232 contagii,
1922 1196 1944 1219 a
1979 1185 2080 1231 lapsu
2109 1184 2307 1230 primorum

1268 1248 1500 1293 »ραι-1111111111,
1529 1245 1565 1279 in
1586 1245 1725 1280 animas
1746 1248 1988 1291 posterorum,
2016 1254 2089 1278 non
2109 1243 2237 1279 melius
2259 1242 2310 1277 vi·

1269 1306 1395 1340 »detur
1428 1304 1599 1350 explicari
1628 1315 1755 1350 posse,
1791 1314 1898 1350 quam
1926 1303 2133 1348 statuendo,
2170 1302 2309 1336 animas

1269 1367 1521 1411 »posterorum
1548 1363 1584 1397 in
1613 1363 1751 1398 Adam
1763 1374 1784 1397 o
1812 1373 1884 1398 11011
1912 1362 2018 1397 fuisse
2046 1361 2214 1405 infectas,
2244 1359 2307 1394 sed

1270 1434 1354 1457 „eas
1376 1426 1458 1458 tuuc
1481 1422 1518 1456 in
1540 1422 1736 1456 smninibus
1754 1421 1892 1467 (aliquo
1909 1421 2017 1455 modo
2033 1419 2111 1462 jam
2132 1418 2308 1462 organicis

1271 1485 1329 1516 -et
1364 1481 1586 1525 viventibus)
1622 1481 1836 1525 existentes,
1872 1480 1981 1514 fuisse
2017 1478 2204 1512 sensitivas
2231 1480 2307 1512 tan-

1270 1544 1392 1585 »tum,
1421 1539 1532 1573 donec
1554 1539 1588 1573 111
1611 1542 1783 1583 conceptu
1812 1537 2006 1572 novissimo
2043 1536 2149 1570 simul
2178 1547 2308 1581 corpus

1271 1598 1439 1643 ”aliquod
1460 1597 1629 1632 seminale
1657 1597 1702 1631 ad
1732 1596 1886 1631 bominis
1915 1594 2167 1630 formationem
2195 1595 2310 1629 deter-

1270 1657 1504 1701 »1111111111111117
1526 1658 1562 1689 01
1582 1655 1702 1690 anima
1724 1655 1896 1689 sensitiva
1919 1654 1963 1689 ad
1985 1654 2136 1699 gradum
2154 1654 2309 1688 rationa-

1271 1714 1405 1750 »litatis
1434 1715 1660 1760 eveheretur,
1691 1714 1766 1748 sivo
1792 1713 1823 1748 is
1851 1716 2026 1748 statuatur
2055 1713 2265 1748 miraculose
2289 1723 2312 1746 a

1274 1791 1287 1802 ι»
1296 1775 1374 1808 Deo
1394 1773 1595 1819 superaddi,
1613 1773 1687 1806 sive
1708 1773 1745 1806 in
1767 1772 1838 1806 illis
1853 1772 2044 1807 animabus
2065 1771 2312 1817 seminalibus,

1273 1843 1388 1878 »quae
1410 1832 1455 1866 ad
1478 1832 1737 1865 humanitatem
1757 1829 1956 1864 destinatae
1977 1832 2071 1875 sunt,
2089 1828 2167 1872 jam
2189 1829 2311 1875 lateat,

1272 1891 1333 1925 »in
1368 1893 1448 1924 actu
1484 1889 1637 1934 signato,
1677 1889 1738 1922 sed
1774 1889 1961 1923 evolvatur
1996 1888 2141 1923 demum
2168 1889 2204 1922 et
2234 1898 2314 1922 sese

1273 1951 1438 1995 nexerat,
1474 1959 1554 1982 cum
1583 1958 1709 1994 corpus
1737 1947 1943 1993 organicum
1970 1946 2035 1981 tali
2065 1946 2205 1982 animae
2232 1957 2315 1993 pro·

1273 2008 1426 2054 »pi-ium,
1457 2018 1520 2053 per
1542 2006 1707 2041 ultimum
1735 2010 1956 2053 conceptum,
1987 2005 2098 2040 etiam
2126 2005 2162 2040 in
2191 2005 2314 2040 huma-

1272 2077 1383 2102 »num
1404 2065 1538 2112 partim
1558 2066 1746 2111 evolvitur,
1770 2065 1901 2111 partim
1930 2065 2218 2110 transformatur,
2248 2064 2312 2099 1111-

1272 2136 1403 2160 »mano
1424 2124 1627 2168 organismo
1649 2124 1758 2159 etiam
1779 2135 1852 2159 non
1873 2124 1940 2159 nisi
1962 2124 2000 2158 in
2021 2123 2147 2158 harum
2177 2122 2314 2158 anima-

1272 2195 1375 2219 »rum
1395 2183 1607 2230 corlforibus
1628 2183 1887 2230 praestabilito,
1910 2183 1989 2218 aliis
2011 2182 2158 2217 infinitis
2178 2181 2315 2216 anima-

1273 2243 1376 2289 »bus,
1398 2242 1691 2287 animalculisque
1713 2241 1957 2287 seminalibus,
1981 2241 2028 2285 (si
2049 2240 2136 2276 talia
2157 2239 2314 2275 admitti-

1274 2302 1396 2345 »mus)
1420 2301 1475 2336 vel
1499 2304 1592 2336 certe
1621 2300 1872 2345 praeformatis
1899 2299 2110 2345 corporibus
2139 2297 2314 2342 organicis

1274 2375 1290 2387 »
1299 2359 1513 2402 viventibus,
1535 2359 1630 2393 intra
1658 2358 1865 2393 sensitivum
1892 2360 2041 2392 naturae
2062 2356 2212 2400 gradum
2234 2356 2315 2391 sub-

1274 2418 1524 2463 »sistentibus‚
1554 2420 1629 2451 tam
1657 2416 1693 2451 iu
1718 2420 1797 2451 actu
1825 2416 1984 2463 signato,
2013 2425 2122 2461 quam
2149 2415 2187 2448 in
2213 2425 2315 2449 exer-

1276 2476 1383 2521 »cito,
1406 2479 1444 2510 ut
1467 2475 1608 2509 scholae
1631 2475 1835 2520 loquuntur.
1883 2474 1961 2510 Erit
1981 2484 2066 2517 ergo
2088 2473 2220 2508 tradux
2239 2473 2316 2519 qui—

1277 2535 1397 2575 udam,
1427 2534 1487 2569 sed
1516 2533 1623 2580 paulo
1651 2533 1871 2568 tractabilior
1899 2543 2006 2578 quam
2034 2542 2140 2578 quem
2168 2532 2318 2576 Augu-

1276 2594 1447 2628 »stinus
1481 2592 1613 2638 aliique
1634 2592 1701 2626 viri
1723 2592 1856 2639 egregii
1876 2593 2096 2636 statuerumt,
2141 2601 2213 2626 non
2240 2589 2316 2625 ani-

1277 2663 1381 2688 »mae
1401 2663 1447 2687 ex
1467 2652 1590 2686 anima
1612 2647 1780 2699 (rejectus
1803 2650 1981 2686 veteribus
2002 2652 2043 2684 ut
2062 2660 2108 2683 ex
2128 2647 2317 2696 prudentia

1277 2726 1292 2738 ³>
1301 2714 1418 2758 patet,
1450 2721 1513 2745 nec
1541 2714 1690 2745 naturae
1719 2721 1840 2745 rerum
1860 2708 2137 2752 consentaneus)
2159 2706 2220 2743 sed
2240 2705 2315 2741 ani-

1276 2770 1388 2805 »mati
1409 2780 1455 2804 ex
1475 2769 1673 2804 animato«

1329 2828 1487 2864 Massa
1518 2827 1604 2863 nibil
1633 2826 1730 2862 aliud
1759 2829 1811 2862 est
1838 2835 1949 2872 quam
1972 2825 2254 2871 pliaenomenon,
2276 2824 2316 2856 111

1272 2887 1350 2923 Iris.
1412 2887 1448 2921 Si
1469 2887 1566 2921 Deus
1597 2896 1728 2921 novam
1759 2888 1853 2920 creet
1881 2884 2051 2928 animam,
2082 2881 2136 2915 vel
2156 2879 2316 2915 Monada

1271 2946 1403 2993 potius,
1435 2949 1471 2980 et
1507 2945 1613 2980 saciat
1640 2944 1761 2991 priora
1788 2943 1955 2987 organica
1985 2940 2080 2975 coire
2115 2938 2151 2973 in
2180 2948 2315 2973 novum

1271 3016 1399 3051 eorpus
1420 3004 1641 3050 organicum,
1674 3014 1747 3037 non
1776 3002 1856 3037 ideo
1886 2998 2027 3036 auxerit
2056 3007 2224 3042 massam,
2253 2996 2316 3031 sed

1270 3063 1507 3110 quantitatem
1538 3061 1793 3109 phaenomeni,
1823 3062 1863 3094 ut
1900 3059 2008 3104 patet.
2067 3054 2235 3101 Suspicor
2261 3058 2316 3090 ta-

1272 3133 1355 3157 men
1374 3121 1441 3156 lioc
1461 3121 1524 3155 vix
1543 3132 1564 3156 a
1585 3121 1663 3155 Deo
1685 3128 1842 3165 unquam
1863 3115 1956 3160 fieri,
1979 3123 2060 3148 cum
2081 3114 2215 3149 nullam
2236 3113 2316 3157 ojue

1272 3180 1519 3216 necessitatem
1544 3179 1695 3214 videam.
1755 3173 2022 3220 Disputationes
2057 3172 2101 3207 de
2136 3172 2190 3206 bis
2225 3181 2315 3218 quas

1271 3240 1349 3275 Deo
1371 3238 1560 3285 possibilia
1581 3240 1663 3271 sunt
1682 3233 1803 3270 multis
1823 3231 1919 3266 tricis
1940 3230 2123 3266 obnoxiae
2144 3233 2234 3266 sunt.

1328 3297 1433 3338 Quod
1463 3297 1506 3331 de
1535 3293 1752 3330 Eucharistia
1779 3289 1919 3336 quaeris
1956 3300 2076 3324 meum
2111 3288 2316 3336 explicandi

1270 3356 1431 3402 modum,
1455 3352 1650 3400 respondeo
1684 3349 1779 3398 apud
1814 3360 1880 3384 nos
1915 3349 2053 3385 nullum
2081 3359 2157 3384 esse
2185 3348 2315 3393 locum,
