2361 3643
947 210 1218 286 LX'XVI.

589 605 644 637 (Ε,
673 609 753 636 Mss.
781 606 1004 636 Bibliothecae
1030 608 1272 635 Hanoveranae
1297 607 1436 636 nondum
1461 600 1587 642 editis).

63 798 279 834 Libertas
312 798 367 831 est
401 794 651 841 spontaneitas
694 794 955 843 intelligentis,
993 796 1061 831 ita-

5 867 92 902 que,
128 855 223 902 quod
245 857 484 899 spontaneum
515 856 569 888 cst
596 853 633 887 in
662 853 769 888 bruto
798 854 853 888 vel
884 854 955 890 alia
978 854 1061 890 sulr·

6 914 140 950 stantia
162 913 363 947 intellectus
386 914 546 958 experte,
570 910 606 946 id
629 911 666 945 in
687 911 833 946 homine
856 913 909 947 vel
933 913 967 947 in
990 913 1063 947 alia

8 971 209 1007 substantia
235 970 477 1016 intelligente,
513 968 620 1004 altius
648 970 804 1015 assurgit
838 974 872 1005 et
906 971 1062 1006 liberum

7 1030 222 1077 appellatur.

66 1086 394 1133 Spontaneitas
422 1088 475 1120 est
503 1085 747 1129 contingentia
768 1085 845 1121 sine
865 1086 1062 1133 coactione,

10 1156 72 1180 seu
100 1148 337 1191 spontaneum
359 1147 411 1179 est
431 1144 526 1190 quod
547 1154 613 1179 nec
633 1144 892 1192 necessarium,
923 1155 987 1180 nec
1007 1155 1064 1180 co-

9 1206 129 1239 actum
151 1206 215 1238 est.

67 1261 352 1306 Contingens
387 1270 448 1294 seu
477 1259 840 1295 Non-necessarium
877 1262 930 1295 est
964 1259 1066 1305 cujus
1094 1261 1095 1267 ’

11 1320 219 1367 oppositum
240 1329 315 1353 non
338 1318 501 1364 implicat
521 1318 854 1354 contradictionem.

69 1379 285 1413 Coactum
305 1379 379 1422 est,
402 1375 502 1419 cujus
523 1376 739 1422 principium
762 1381 816 1412 est
837 1379 1035 1413 externum.

68 1435 169 1471 Indi
183 1435 358 1469 fferens
388 1445 468 1469 cum
511 1444 584 1469 non
628 1438 681 1470 est
717 1434 835 1478 major
870 1435 964 1470 ratio
1006 1446 1068 1471 cur

11 1494 78 1529 hoc
99 1492 219 1539 potius
240 1492 301 1527 fiat
322 1502 404 1526 cuni
422 1488 457 1536 ¹)
481 1492 584 1526 illud.
645 1493 760 1538 Eique
782 1494 979 1539 opponitur
1002 1494 1069 1529 de-

13 1551 322 1587 terminatum.

49 1610 212 1645 Omnes
228 1608 598 1643 substantiarum
615 1607 919 1652 singularium
937 1606 1099 1644 actio-¹

13 1678 91 1704 nes
119 1670 225 1702 sunt
251 1667 474 1710 continge
492 1668 607 1700 ntes.
669 1666 763 1701 Nam
792 1666 930 1701 ostendi
954 1669 1072 1712 potest

14 1737 88 1762 non
118 1726 303 1771 implicare
324 1724 646 1760 contradictionem
668 1727 707 1759 ut
729 1736 786 1759 res
808 1725 913 1759 alim·
934 1726 1034 1760 fiant.

75 1783 237 1818 Omnes
259 1786 410 1817 tamen
430 1783 642 1817 actiones
665 1786 773 1817 sunt
793 1783 1073 1818 determina-

17 1844 91 1877 tae
112 1844 154 1876 et
177 1851 405 1885 nunquam
432 1841 792 1887 indifferentes,
823 1842 909 1887 quia
934 1853 1074 1888 semper

17 1900 122 1935 datur
156 1899 249 1934 ratio
284 1898 460 1933 inclinans
495 1898 640 1944 quidem
669 1910 740 1934 non
768 1902 903 1934 tamem
926 1901 1075 1935 necessi-

18 1961 117 2003 tans,
156 1959 196 1993 ut
231 1957 282 1992 sic
316 1957 456 2003 potius,
494 1966 603 2002 quam
639 1957 742 1992 aliter
775 1957 847 1993 fiat.
910 1959 1008 1993 Nilnl
1037 1959 1075 1992 fit

19 2017 96 2051 sine
118 2016 271 2050 ratione.

76 2074 297 2110 Libertas
325 2072 690 2107 indifferentiae
713 2075 784 2108 est
806 2072 1104 2119 impossibi-'

20 2133 88 2168 lis.
149 2132 251 2167 Adeo
272 2134 312 2166 ut
336 2142 381 2166 ne
402 2132 440 2166 in
463 2132 578 2166 Deum
600 2131 747 2176 quidem
768 2131 883 2177 cadat,
906 2142 991 2165 nam
1015 2131 1075 2166 de-

20 2190 234 2227 terminatus
269 2190 331 2225 ille
366 2192 422 2225 est
457 2189 501 2224 ad
540 2189 719 2235 optimum
755 2190 999 2236 efficiendum,
1043 2192 1080 2223 et

20 2252 186 2285 creatura
207 2259 350 2295 semper
371 2259 417 2284 ex
442 2248 645 2283 rationibus
676 2248 827 2283 internis
849 2248 1080 2294 externisque

18 2307 291 2343 determinatur.

81 2367 175 2408 Quo
197 2366 299 2411 plus
321 2364 624 2400 substantiae
645 2366 753 2398 sunt
774 2375 850 2411 per
871 2363 1078 2399 sedeter-

23 2423 246 2468 minatae,
267 2427 310 2458 ct
341 2423 395 2458 ab
424 2422 759 2458 indifferentia
788 2425 1005 2468 remotae,
1028 2435 1077 2459 eo

24 2484 129 2517 sunt
168 2481 492 2527 perfectiores.
553 2481 643 2516 Cum
685 2481 783 2516 enim
828 2492 972 2527 semper
1006 2482 1077 2517 sint

25 2539 303 2585 determinatae,
349 2540 404 2574 vel
432 2539 566 2575 babent
599 2539 938 2576 determinationem
966 2551 1013 2575 ex
1040 2552 1078 2575 se

79 2648 112 2691 ¹)
139 2656 159 2684 1.
185 2661 295 2689 quam.

1094 1414 1098 1512 ιι
1183 1437 1234 1472 Ut
1268 1447 1354 1481 ergo
1390 1446 1467 1471 rem
1502 1435 1538 1470 in
1576 1445 1754 1470 summam
1781 1434 2011 1470 contraham:

1098 1571 1100 1604 l

1119 795 1226 843 ipsis,
1266 806 1379 842 eoque
1410 798 1493 831 sunt
1521 794 1741 842 potentiores
1762 796 1798 829 et
1818 795 2069 845 perfectiores,
2115 799 2173 835 vel

1119 854 1404 890 determinantur
1433 854 1578 889 aliunde
1607 856 1644 888 ct
1671 855 1817 888 eatenus
1853 853 1934 889 aliis
1964 856 2071 891 rebus
2100 868 2173 893 ser-

1089 917 1091 963 t
1120 914 1195 948 vire
1215 916 1401 956 coguntur.

1090 966 1093 1052 ⁸
1179 969 1716 1014 Eomagisestlibertas
1746 970 1995 1015 quomagis
2017 973 2176 1017 agitur

1121 1040 1174 1064 ex
1205 1030 1408 1074 ratione,
1446 1039 1496 1064 eo
1532 1027 1683 1074 magis
1720 1029 1789 1062 est
1824 1028 2051 1077 servitus,
2088 1041 2176 1076 quo

1124 1088 1270 1133 magis
1292 1087 1450 1132 agitur
1471 1097 1525 1122 ex
1546 1085 1691 1121 animi
1713 1084 2032 1132 passionibus,
2083 1088 2178 1123 Nam

1093 1161 1095 1197 3
1124 1150 1299 1192 quatenus
1335 1146 1475 1189 agimus
1506 1155 1553 1179 ex
1583 1144 1741 1190 ratione,
1778 1154 1823 1178 eo
1852 1144 1967 1188 magis
1996 1145 2179 1190 sequimur

1094 1198 1096 1255 l
1124 1204 1382 1251 perfectionem
1403 1206 1548 1239 nostrae
1574 1205 1745 1243 naturae,
1774 1211 1847 1247 quo
1875 1213 1962 1237 vero
1990 1203 2103 1247 magis
2133 1215 2180 1239 ex

1094 1292 1095 1300 ,
1124 1262 1351 1309 passionibus
1380 1262 1539 1308 agimus,
1571 1272 1613 1296 eo
1642 1260 1758 1306 magis
1793 1261 1969 1296 servimus
1996 1262 2180 1308 potentiae

1094 1328 1096 1368 j
1124 1332 1244 1357 rerum
1266 1324 1534 1356 extranearum.

1094 1373 1096 1380 ⁴
1572 1376 1740 1412 Scholion

2071 1434 2182 1472 Nulla

1126 1498 1179 1530 est
1214 1495 1253 1530 in
1287 1495 1395 1530 rebus
1431 1494 1672 1538 singularibus
1707 1493 1917 1540 necessitas,
1961 1492 2022 1528 sed
2059 1494 2184 1529 onmia

1128 1556 1210 1587 sunt
1247 1553 1503 1596 contingentia.
1565 1551 1734 1586 Vicissim
1770 1554 1892 1586 tamen
1926 1551 2026 1586 nulla
2064 1552 2184 1587 estin

1099 1641 1100 1645 ,
1128 1612 1238 1645 rebus
1267 1610 1532 1656 indifferentia,
1571 1609 1632 1644 sed
1661 1609 1782 1644 onmia
1818 1611 1901 1644 sunt
1934 1609 2185 1645 determinata.

1130 1670 1316 1710 Quatenus
1344 1668 1429 1713 quid
1460 1678 1523 1713 per
1553 1679 1591 1702 se
1613 1667 1890 1713 determinatur,
1914 1670 2059 1704 catenus
2079 1679 2184 1714 spon-

1100 1758 1101 1763 ,
1130 1730 1274 1762 taneum
1297 1726 1355 1761 vel
1378 1725 1437 1771 (si
1461 1725 1664 1769 intelligens
1686 1721 1755 1773 sit)
1786 1725 1938 1760 liberum
1959 1729 2031 1773 est,
2062 1730 2185 1772 quate-

1100 1771 1101 1832 s
1130 1796 1197 1820 nus
1227 1785 1489 1820 determinatur
1517 1784 1682 1829 aliunde,
1713 1786 1859 1818 eatenus
1891 1784 2020 1831 servit,
2052 1795 2113 1819 seu
2134 1788 2188 1819 est

1101 1874 1102 1877 ,
1130 1846 1307 1879 coactum.
1367 1843 1483 1889 Hinc,
1520 1853 1592 1888 quo
1619 1842 1704 1888 quid
1732 1841 1847 1886 inagis
1869 1853 1933 1887 per·
1953 1853 1990 1876 se
2010 1842 2057 1877 ab
2081 1842 2188 1877 indif-

1132 1903 1284 1937 ferentia
1313 1904 1494 1936 remotum
1515 1902 1578 1947 sit,
1617 1912 1660 1936 eo
1696 1903 1750 1935 cst
1778 1901 1961 1946 potentius
1992 1911 2052 1934 seu
2072 1901 2190 1946 'perfe-

1131 1960 1244 2006 ctius,
1281 1960 1470 2004 minusque
1506 1970 1597 2004 opus
1633 1959 1740 1994 habet
1766 1959 1912 1993 abunde
1944 1958 2187 1993 determinari.

1103 2031 1104 2063 3
1133 2018 1228 2052 Deus
1247 2028 1328 2052 eum
1345 2018 1391 2051 sit
1407 2017 1689 2062 perfectissimus
1710 2016 1870 2061 adeoque
1886 2016 2106 2063 liberrimus,
2129 2016 2189 2051 de-

1134 2075 1348 2110 terminatur
1378 2085 1424 2108 ex
1445 2085 1481 2109 se
1502 2075 1591 2109 solo.
1651 2074 1727 2108 Nos
1760 2085 1856 2119 vero,
1879 2084 1949 2119 qno
1971 2074 2086 2117 magis
2107 2085 2189 2109 cum

1135 2133 1276 2168 ratione
1293 2132 1444 2176 ‘agimus
1465 2140 1514 2166 ‘eo
1542 2132 1655 2177 magis
1682 2142 1729 2166 ex
1756 2134 1881 2166 nostra
1906 2129 2054 2166 naturae
2075 2133 2190 2178 perfe-

1137 2191 1320 2226 ctionibus
1361 2190 1662 2236 determinamur,
1705 2191 1770 2224 hoc
1806 2192 1861 2224 est
1909 2189 2014 2224 liberi
2054 2201 2187 2226 sumus.

1106 2285 1108 2294 ⁴
1138 2249 1243 2290 Quod
1279 2260 1366 2284 vero
1404 2248 1503 2294 ipsae
1530 2248 1766 2294 perfectiones
1794 2250 1940 2282 nostrae
1968 2248 2189 2297 alienaeque,

1106 2300 1108 2324 ¹
1138 2310 1285 2353 totaque
1313 2318 1433 2343 rerum
1461 2310 1606 2352 natura,
1637 2318 1684 2341 cx
1712 2306 1834 2341 divina
1863 2306 2190 2343 voluntate'creata

1107 2402 1108 2413 η
1137 2370 1203 2408 est,
1226 2366 1387 2401 libertati
1407 2365 1734 2412 spontaneitatique
1755 2375 1876 2399 rerum
1897 2365 1947 2399 nil
1969 2364 2091 2413 obest,
2113 2365 2189 2402 imo

1107 2417 1108 2428 ¹
1136 2424 1258 2471 potius
1280 2425 1361 2460 ideo
1382 2436 1439 2459 res
1461 2425 1595 2459 liberae
1617 2427 1709 2470 sunt,
1732 2423 1829 2468 quod
1849 2423 1946 2458 Deus
1966 2423 2121 2469 aliquem
2144 2425 2189 2459 iis

1136 2484 1286 2530 gradum
1321 2482 1552 2530 perfectionis
1582 2493 1644 2518 seu
1672 2481 1848 2518 libertatis
1876 2492 1961 2517 suae
1987 2483 2189 2518 communi-

1135 2542 1242 2577 cavit.
