2361 3643
724 133 904 172 LXXXI.
962 133 1196 171 EPISTOLA

106 237 393 287 dispositionem,
415 231 476 268 sed
497 240 572 266 non
588 227 710 264 videre
727 227 960 264 mechanismi
978 226 1164 274 principia

106 300 233 341 Recte,
267 292 330 328 sed
360 300 441 325 cum
461 289 648 323 videamus
675 290 710 323 et
739 290 899 334 motum,
928 286 1010 322 hinc
1035 285 1166 321 intelli·

107 356 223 402 giinus
260 359 406 384 causam
439 349 561 382 motus
588 356 650 381 seu
680 345 767 381 vim.
828 344 1066 380 Mechanismi
1086 346 1166 380 sons

111 414 166 446 est
186 409 240 442 vis
262 406 464 454 primitiva,
494 405 557 440 sed
578 406 673 451 leges
693 407 835 450 motus,
858 403 1054 439 secundum
1075 413 1164 449 quas

105 479 153 504 cx
173 476 214 501 ca
235 467 430 500 nascuntur
450 462 608 509 impetus
630 474 692 499 seu
713 463 807 498 vires
823 461 1057 509 derivativae,
1081 472 1164 508 pro-

104 526 219 562 fluunt
248 534 295 558 cx
321 522 552 569 perceptione
588 522 674 557 boni
706 524 742 557 et
776 521 884 567 mali,
922 531 986 555 seu
1022 531 1069 555 ex
1103 529 1159 566 eo,

104 582 201 630 quod
223 584 276 617 est
296 580 688 617 convenientissimum.
749 579 803 614 Ita
824 581 880 626 tit,
904 582 945 614 ut
966 578 1160 614 efficientes

103 650 233 678 causae
261 639 443 686 pendeant
469 649 491 674 a
513 639 700 685 finalibuS,
729 641 766 673 et
785 637 986 685 spiritualia
1006 637 1078 672 sint
1098 647 1161 671 na-

106 702 187 735 tura
228 698 351 745 priora
385 697 653 743 materialibus,
696 696 750 732 uti
788 697 898 731 etiam
934 695 1039 731 nobis
1076 697 1161 731 sunt

103 759 227 804 priora
246 756 470 802 cognitione,
501 756 584 802 quia
605 755 755 790 interius
775 755 936 790 animam
958 753 1086 801 (nobis
1106 754 1160 788 in-

104 816 257 860 timam)
295 825 405 861 quam
447 825 578 860 corpus
614 813 871 859 perspicimus,
918 813 1015 858 quod
1050 812 1161 847 etiam

103 873 236 910 Plato
271 876 314 908 et
349 873 591 908 Cartesius
626 874 808 906 notarunt.
872 871 975 906 Hanc
1004 871 1078 906 vim
1108 870 1161 905 ais
1190 899 1191 903 ,

103 932 271 979 cognosci
292 941 355 978 per
376 931 544 976 effectus,
568 941 638 965 non
660 929 775 976 qualis
798 929 834 963 in
857 940 895 963 50
916 932 992 973 0513
1016 939 1162 975 respon·
1190 950 1192 967 ;

102 990 171 1026 (100
193 991 243 1026 110
265 991 321 1026 foi
323 1001 355 1037 e,
377 989 407 1024 si
428 989 589 1024 animam
611 999 684 1023 non
706 988 931 1033 haberemus,
954 998 1018 1021 nec
1033 997 1164 1033 cogno·

104 1059 293 1084 sceremus.
354 1047 477 1082 Habet
507 1048 629 1082 anima
657 1047 695 1081 in
717 1057 755 1080 se
776 1046 1024 1092 perceptiones
1046 1048 1112 1080 01
1102 1056 1193 1091 ap-
1191 1044 1192 1049 ’

103 1108 257 1155 petitus,
294 1106 409 1151 iisque
439 1108 567 1140 natura
595 1105 671 1148 ejus
699 1104 914 1139 continetur.
977 1104 1023 1138 Et
1051 1106 1090 1138 ut
1126 1103 1164 1137 in
1192 1116 1193 1150 1

102 1176 254 1212 corpore
273 1164 509 1210 intelligimus
531 1156 590 1196 οἷι
594 1151 810 1202 τιτυπὶαν
839 1166 873 1197 ct
891 1162 981 1205 figur
982 1172 1043 1196 im
1059 1171 1165 1207 gene-

103 1224 234 1269 ratim,
272 1223 340 1257 etsi
380 1222 600 1268 nesciamus,
644 1232 736 1267 quae
781 1221 853 1255 51111
890 1220 1043 1265 Figurae
1087 1230 1165 1255 001-

101 1292 232 1328 porum
275 1280 568 1316 insensibilium:
613 1280 664 1314 ita
699 1280 738 1313 in
772 1279 896 1313 anima
931 1278 1165 1322 intelligimus

101 1339 367 1386 perceptionem
397 1342 431 1373 et
466 1338 688 1384 appetitum,
726 1338 793 1371 etsi
814 1347 888 1371 non
910 1347 1166 1380 cognoscamus
1191 1351 1194 1356 v

101 1397 269 1433 distincte
325 1396 549 1432 insensibilia
604 1395 843 1440 ingredientia
896 1395 1169 1441 perceptionum
1193 1388 1195 1399 ’

103 1457 359 1501 confusarum,
398 1454 528 1501 quibus
565 1453 791 1490 insensibilia
826 1464 1020 1499 corporum
1050 1453 1169 1499 expri-
1197 1450 1199 1486 l

101 1517 262 1550 luuntur.
326 1514 479 1560 Scntiri,
516 1513 569 1548 ais
596 1512 818 1560 spiritualia,
856 1512 1015 1558 exempli
1051 1511 1168 1557 gratia

102 1574 243 1619 aerem,
267 1575 434 1617 ventum,
458 1572 597 1618 lumen,
627 1582 701 1607 non
723 1573 845 1606 tamen
876 1570 958 1605 idco
986 1570 1073 1605 satis
1109 1580 1166 1604 co-

103 1631 246 1675 gnosci3
271 1630 333 1666 sed
355 1630 442 1664 mihi
459 1633 532 1676 a'er,
554 1633 694 1676 ventus,
718 1630 852 1674 lumen,
875 1639 948 1663 11011
964 1628 1081 1672 magis
1097 1626 1168 1672 spi-

102 1689 249 1724 ritualia
285 1688 454 1723 videntur
490 1698 600 1733 quam
635 1698 729 1732 aqua
757 1696 924 1732 currens,
961 1696 1025 1720 nec
1052 1684 1100 1719 ab
1123 1694 1165 1717 ca

103 1747 277 1782 differunt
298 1746 367 1780 nisi
388 1746 599 1780 subtilitate.
662 1744 836 1790 Spiritus,
866 1743 1029 1787 animae,
1059 1744 1096 1776 et
1126 1741 1164 1775 in
1191 1763 1197 1777 ,·

102 1804 313 1840 universum
334 1803 559 1838 substantiae
580 1802 760 1849 simplices
784 1811 846 1836 seu
869 1799 1060 1845 monades,
1084 1810 1162 1833 sen-

106 1862 204 1896 sibus
239 1865 276 1896 et
310 1861 570 1905 imaginatione
605 1858 861 1905 comprehendi
898 1869 971 1894 non
999 1859 1161 1903 possunt,

104 1919 189 1964 quia
218 1919 382 1964 partibus
420 1921 555 1953 carent.
617 1918 788 1962 Quaeris,
825 1926 871 1951 an
907 1916 985 1951 dari
1019 1915 1192 1949 credam*

105 1987 268 2023 corpora,
293 1987 384 2022 quae
404 1987 477 2010 non
497 1975 629 2010 cadunt
656 1975 721 2009 sub
745 1974 872 2008 visum.
935 1972 1069 2014 Quidni
1090 1983 1164 2007 cre·
1190 1954 1193 1993 ³

104 2034 214 2069 (10111Ξ
260 2035 347 2079 quin
375 2034 450 2068 imo
479 2034 524 2068 de
552 2034 603 2067 cis
632 2043 706 2068 non
735 2031 895 2066 dubitari
930 2041 1035 2076 posse
1062 2032 1162 2076 puto.

101 2092 172 2127 Per
198 2092 434 2136 micioscopia
462 2091 624 2125 videmus
651 2090 748 2124 anim
753 2089 867 2124 alcula
897 2088 987 2123 alias
1015 2087 1165 2123 insensi-

101 2149 204 2195 bilia,
226 2152 261 2184 et
282 2149 422 2184 nervuli
444 2148 572 2183 horum
593 2147 895 2182 animalculorum
915 2149 951 2181 et
971 2146 1044 2181 alia
1065 2146 1162 2181 f01tc
1192 2171 1194 2209 3

101 2208 267 2242 natantia
296 2207 333 2242 in
361 2206 524 2253 ipsorum
552 2206 765 2241 humoribus
793 2204 1012 2240 animalcula
1048 2203 1164 2239 videri

102 2275 175 2300 non
204 2267 364 2311 possunt.
425 2264 615 2300 Subtilitas
643 2267 794 2300 naturae
830 2262 992 2309 procedit
1019 2262 1058 2297 in
1086 2262 1165 2297 infi-
1192 2259 1195 2300 ’ς

104 2322 235 2357 nitum.
1193 2305 1195 2333 *

165 2380 227 2414 111.
248 2380 410 2427 Denique
436 2380 529 2427 petis
559 2379 786 2415 definitiones
807 2377 1001 2423 materiae,
1033 2388 1159 2422 corpo·
1194 2368 1195 2382 ¹

105 2436 168 2483 iis,
190 2438 344 2483 spiritus.
404 2438 602 2473 Materia
624 2440 696 2484 est,
719 2437 816 2483 quod
836 2435 1003 2471 consistit
1023 2434 1060 2470 in
1076 2435 1170 2469 anti·

113 2495 216 2539 typia
263 2507 322 2531 seu
363 2497 461 2542 quod
498 2495 702 2543 penetranti
737 2495 892 2539 10515111,
936 2496 1044 2538 atque
1085 2492 1166 2527 ideo
1195 2517 1198 2536 a

108 2552 203 2588 nuda
234 2554 386 2588 materia
407 2565 505 2589 mere
526 2554 671 2600 passiva
707 2555 771 2588 cst.
832 2552 1010 2597 Corpus
1045 2552 1167 2585 autem
1194 2538 1196 2598 J

107 2613 249 2656 praeter
270 2612 460 2647 materiam
481 2613 590 2647 etiam
612 2611 719 2646 habet
740 2611 814 2646 vim
835 2609 1005 2645 activam.
1059 2608 1086 2643 C
1101 2619 1165 2643 or-
1194 2599 1195 2619 ¹

110 2677 190 2716 pus
218 2670 337 2704 autem
365 2672 419 2706 est
440 2670 496 2706 vel
517 2669 720 2708 substantia
739 2678 935 2716 corporea,
970 2665 1027 2703 vel
1047 2675 1167 2702 massa
1193 2651 1197 2674 ’·

1192 1223 1194 1226 “
1226 1220 1322 1265 lose,
1363 1218 1451 1254 oriri
1486 1222 1548 1254 aut
1583 1219 1746 1254 desinere
1781 1223 1943 1265 possunt.

1191 2056 1192 2060 ,
1222 2030 1419 2075 resultare,
1454 2031 1640 2074 tamquam
1674 2038 1720 2063 ex
1761 2028 1855 2063 veris
1894 2028 2094 2062 elementis.

1192 2095 1193 2098 ’
1224 2098 1328 2132 vero,
1350 2097 1411 2121 seu
1432 2096 1585 2132 corpora
1606 2089 1778 2132 extensa,
1818 2089 1853 2125 ct
1875 2089 1996 2121 tamen
2020 2085 2278 2131 infrangibilia,

1195 2394 1197 2424 3
1226 2379 1377 2411 extensa
1412 2379 1448 2410 et
1483 2375 1646 2421 partibus
1681 2374 1857 2420 praedita.

1195 2458 1197 2494 ἒ
1227 2436 1457 2477 mentemque
1486 2443 1606 2467 meam
1626 2432 1798 2478 exposui,
1822 2433 1997 2477 quantum
2017 2430 2141 2477 paucis
2162 2434 2199 2465 et
2214 2441 2280 2476 per

1225 134 1296 171 AD
1325 133 1661 173 BIERLINGIUM.

1226 238 1273 263 ex
1293 227 1505 263 substantiis
1533 227 1716 275 corporeis
1742 230 1903 268 collecta.
1963 234 2284 273 Substantiam

1225 296 1500 332 corpoream
1536 297 1648 334 voco,
1689 295 1781 331 quae
1810 289 1849 324 in
1886 291 2084 329 substantia
2120 294 2284 341 simplice

1225 355 1287 380 seu
1310 344 1467 380 monade
1496 343 1559 388 (id
1580 348 1636 380 est
1656 345 1779 380 anima
1801 347 1856 380 vel
1877 349 2018 385 animae
2038 352 2216 397 analogo)
2248 356 2284 388 et

1224 403 1326 438 unito
1356 402 1390 438 ei
1418 413 1569 449 corpore
1605 403 1778 449 organico
1814 405 1988 441 consistit.
2047 410 2098 444 At
2132 421 2283 445 massa

1224 465 1278 496 est
1298 464 1530 508 aggregatum
1551 461 1837 497 substantiarum
1865 473 2117 509 corporearum
2130 494 2140 514 ,
2166 471 2205 502 ut
2225 479 2283 503 ca·
2336 471 2339 474 '

1225 530 1305 555 seus
1327 519 1508 554 interdum
1529 529 1576 553 ex
1596 520 1759 563 confluge
1781 521 1961 555 vermium
1981 527 2130 558 constat.
2168 526 2283 561 Porro

1223 579 1383 613 Monas
1413 589 1476 613 seu
1504 577 1708 613 substantia
1729 578 1890 624 simplex
1914 579 1949 613 in
1972 589 2102 622 genere
2123 583 2284 618 continet

1222 635 1489 683 perceptionem
1535 638 1572 670 et
1601 636 1823 683 appetitum,
1859 639 1982 683 estque
2016 637 2073 672 vel
2101 639 2285 684 primitiva

1222 705 1284 730 seu
1306 695 1442 741 Deus,
1473 693 1511 730 in
1538 704 1609 740 qua
1637 697 1693 730 est
1712 695 1842 730 ultima
1862 695 1957 731 ratio
1977 706 2098 731 rerum
2106 704 2115 741 3
2147 697 2203 731 vel
2222 701 2276 732 est

1221 753 1440 799 derivativa,
1463 763 1593 799 nempe
1613 752 1746 789 Monas
1766 758 1905 799 creata,
1927 764 2040 800 eaque
2059 757 2113 789 est
2136 754 2193 789 vel
2212 765 2272 790 ra·

1220 812 1320 847 tione
1342 810 1526 858 praedita,
1554 822 1699 857 mens,
1730 813 1785 847 vel
1807 822 1914 847 sensu
1937 812 2118 858 praedita,
2150 823 2279 859 nempe

1224 870 1395 915 anima,
1418 869 1475 904 vel
1496 869 1666 905 inferiore
1686 869 1843 915 quodam
1859 870 1971 914 gradu
1990 870 2227 916 perceptionis
2242 873 2279 906 et

1222 928 1405 974 appetitus
1435 927 1619 974 praedita,
1655 938 1717 963 seu
1743 928 1922 963 animae,
1942 929 2158 976 analoga,
2187 939 2279 975 quae

1190 988 1193 1039 ζ
1223 987 1320 1021 nudo
1350 985 1523 1021 Monadis
1552 986 1697 1022 nomine
1722 990 1890 1022 contenta
1910 989 1983 1032 est,
2013 998 2094 1022 cum
2121 986 2198 1030 ejus
2219 997 2280 1022 va-

1225 1044 1298 1079 rios
1325 1044 1457 1089 gradus
1479 1055 1552 1080 non
1574 1054 1842 1090 cognoscamus.
1904 1045 2032 1080 Omnis
2052 1048 2175 1080 autem
2195 1044 2280 1080 Mo-

1224 1113 1286 1138 nas
1309 1105 1364 1137 cst
1384 1102 1687 1149 inextinguibilis,
1709 1113 1824 1148 neque
1845 1103 1942 1138 enim
1959 1103 2179 1138 substantiae
2194 1102 2280 1138 sim-

1225 1162 1334 1207 plices
1356 1160 1425 1195 nisi
1448 1161 1604 1196 creando
1627 1161 1681 1195 vel
1701 1161 1955 1208 annihilando,
1986 1161 2023 1196 id
2051 1164 2107 1196 est
2127 1161 2279 1197 miracu-

2005 1219 2052 1254 Et
2092 1221 2280 1266 praetcrea

1226 1277 1344 1313 omnis
1366 1276 1500 1312 Menas
1537 1280 1656 1312 ereata
1692 1280 1746 1312 est
1781 1287 1933 1322 corpore
1961 1277 2082 1322 aliquo
2111 1276 2280 1321 organico

1226 1335 1412 1381 praedita,
1444 1335 1640 1370 secundum
1661 1335 1758 1381 quod
1779 1335 1931 1381 percipit
1958 1335 2188 1381 appetitque,
2215 1334 2282 1369 etsi

1225 1406 1290 1439 per
1318 1393 1524 1428 nativitates
1553 1397 1758 1439 mortesque
1781 1394 1878 1428 varie
1899 1394 2085 1439 volvatur,
2120 1393 2283 1428 involva-

1226 1456 1302 1498 tur,
1331 1452 1627 1498 transformetur,
1658 1454 1694 1486 et
1720 1452 1759 1486 in
1781 1453 1954 1497 perpetuo
1975 1451 2076 1485 tluxu
2096 1450 2280 1484 consistat.

1225 1511 1341 1545 Porro
1377 1509 1557 1544 Monades
1593 1510 1631 1544 in
1666 1521 1704 1544 50
1732 1508 1918 1545 continent
1945 1508 2191 1542 Entclechiam
2219 1517 2282 1542 seu

1223 1569 1299 1604 vim
1321 1567 1557 1614 primitivam,
1579 1570 1618 1601 ut
1639 1567 1714 1601 sine
1736 1567 1824 1612 ipsis
1844 1566 1997 1600 materIa
2017 1576 2117 1600 mere
2137 1565 2282 1611 passiva

1223 1629 1335 1670 esset,
1358 1628 1393 1659 et
1412 1624 1559 1669 quaevis
1579 1635 1697 1658 massa
1717 1623 1999 1659 innumerabiles
2022 1624 2182 1658 continet
2202 1633 2280 1658 nio-

1223 1683 1355 1728 nades,
1384 1681 1452 1716 etsi
1479 1681 1575 1716 enim
1597 1681 1879 1727 unumquodque
1901 1681 2110 1727 organicum
2131 1684 2281 1717 naturae

1222 1751 1351 1786 corpus
1373 1750 1476 1774 suam
1498 1739 1631 1774 habeat.
1653 1740 1847 1775 monadem
1869 1739 2165 1786 respondentem,
2196 1749 2280 1774 con-

1222 1799 1313 1833 tinet
1342 1801 1462 1832 tamcn
1484 1797 1521 1831 in
1542 1798 1705 1843 partibus
1725 1798 1816 1832 alias
1836 1797 2028 1843 monades,
2059 1797 2132 1831 suis
2152 1796 2280 1832 itidem

1191 1867 1192 1913 ζ
1222 1855 1435 1902 corporibus
1465 1855 1645 1898 organicis
1674 1855 1857 1900 praeditas
1886 1854 2062 1900 primario
2084 1854 2279 1890 inservien-
2311 1886 2314 1889 .

1222 1914 1336 1956 tibus,
1373 1916 1409 1947 01
1444 1912 1534 1947 1111111
1574 1912 1673 1947 aliud
1694 1916 1748 1947 cst
1768 1916 1846 1947 tota
1867 1916 2016 1956 natura3
2053 1922 2197 1947 11000550
2226 1913 2280 1947 051

1223 1971 1339 2016 enim,
1372 1970 1495 2004 onmia
1524 1974 1717 2015 aggregata
1746 1981 1792 2005 ex
1824 1970 2036 2005 substantiis
2058 1970 2280 2016 simplicibus

2154 2027 2280 2063 Atomi

1223 2148 1305 2180 sunt
1327 2155 1383 2179 res
1405 2144 1564 2190 fictitiae,
1584 2154 1676 2190 quae
1694 2144 1763 2179 11151
1785 2154 1849 2189 per
1869 2143 2085 2179 miraculum
2106 2143 2279 2189 explicari

1224 2214 1299 2238 non
1321 2204 1491 2248 possunt,
1522 2204 1560 2236 et
1581 2202 1723 2237 ratione,
1743 2204 1886 2247 carent,
1917 2212 1982 2237 nec
2001 2212 2126 2236 causas
2148 2201 2280 2236 virium

1223 2265 1459 2306 motuumque
1489 2270 1536 2294 ex
1564 2260 1636 2295 illis
1656 2260 1805 2295 reddere
1826 2259 1921 2294 11001.
1988 2259 2035 2294 Ε1
2055 2259 2139 2294 11001
2158 2258 2281 2294 daren-

1224 2322 1302 2364 tur,
1340 2329 1422 2353 vcre
1442 2318 1620 2363 simplicia
1648 2329 1723 2353 non
1744 2319 1880 2363 forent,
1903 2327 1946 2351 eo
1966 2316 2064 2362 ipso,
2095 2317 2180 2361 quia
2199 2318 2282 2351 sunt

1918 2374 1974 2408 Ita
2004 2372 2075 2408 tuis
2111 2373 2280 2419 respondi

1553 2490 1624 2525 Pro
1649 2489 1815 2525 oratione
1844 2493 1908 2524 tua
1935 2489 2165 2534 perelegante
2200 2499 2281 2534 gra-

1669 2547 1769 2583 Vale.
1808 2547 2083 2582 Hanoverae
2115 2546 2179 2582 12.
2199 2546 2281 2583 Au-

1227 2492 1368 2526 litteras
1397 2490 1491 2525 licet.

1226 2549 1295 2584 tias
1316 2559 1384 2593 ago
1414 2547 1608 2583 maximas.

1225 2619 1247 2654 g
1257 2617 1304 2643 us
1316 2607 1350 2642 ti
1377 2606 1423 2643 17
1437 2606 1454 2641 l
1467 2606 1500 2642 l.
