2361 3643
794 119 838 155 11.
878 118 943 155 DE
970 118 1102 154 ARTE
1122 119 1499 159 COMBINATORIA.
2203 122 2226 163 7

65 215 110 260 2)
146 214 183 249 in
219 213 447 250 inveniendis
481 213 648 250 datarum
685 214 883 260 specierum
920 212 1109 258 generibus

62 273 290 319 subalternis,
320 273 365 308 do
393 273 502 308 modo
532 274 711 319 probandi
733 272 982 308 sufficientiam
1004 271 1109 305 datae

62 332 265 367 divisionis.
311 332 355 377 3)
377 332 471 367 Usus
493 333 530 366 in
551 332 778 367 inveniendis
800 330 1109 377 propositionibus

61 394 97 425 et
137 391 369 437 argumentis.
425 391 481 425 De
520 395 598 425 arte
637 390 904 425 combinatmia
944 389 1107 434 Lullii,

60 449 308 484 Athanasii
332 450 558 495 Kircberi,
580 452 716 493 nostra,
748 449 791 483 de
813 460 882 494 qua
904 447 1107 494 sequentia:

61 509 162 543 Duae
183 512 265 543 sunt
287 509 436 554 copulae
452 508 490 542 in
506 507 832 554 propositionibus:
857 507 1049 552 Revera,
1073 510 1107 540 et

59 567 176 613 Non,
199 578 261 602 seu
282 565 309 611 ἦ·
331 571 365 601 et
380 586 424 592 —
452 567 506 602 De
523 566 720 601 formandis
738 565 1033 611 praedicamentis
1054 576 1109 600 ar-

59 626 106 660 tis
133 626 407 660 con‘Znatoriae.
455 625 640 659 Invenire:
670 625 755 659 (lato
788 624 934 659 definito
956 624 1011 660 vel
1040 627 1107 658 ter-

60 685 181 731 mino,
221 684 466 728 definitiones,
503 684 561 718 vel
596 684 770 718 terminos
805 684 1105 729 aequipollentes:

59 744 155 777 Dato
176 742 336 785 subiecto
357 742 563 788 praedicata
584 743 622 776 in
643 742 891 788 propositione
913 742 944 776 1τ
953 742 996 776 A.
1019 742 1106 776 item

59 802 140 836 ΡΛ.
163 802 248 836 item
270 801 314 835 N.
363 801 563 835 Numerum
584 801 778 847 Classium,
800 800 996 836 Numerum
1017 800 1104 835 Ter-

59 861 240 895 minorum
268 860 306 894 in
327 859 528 895 Classibus:
562 860 658 895 Dato
679 860 796 906 capite
817 860 1104 905 complexiones:

58 919 144 954 dato
166 918 372 965 praedicato
394 918 554 962 subjecta
576 919 614 953 in
636 918 884 966 propositione
899 919 991 964 UA,
1014 919 1041 953 P
1050 919 1104 964 A,

57 981 93 1012 et
113 977 157 1012 N.
199 977 302 1011 Datis
323 977 464 1012 duobus
481 977 646 1012 terminis
668 979 706 1012 in
722 977 967 1025 propositione
988 988 1107 1012 neces-

56 1036 152 1071 saria
181 1035 256 1070 UA
285 1039 320 1071 et
342 1036 415 1070 UN
437 1040 648 1080 argumenta
676 1048 738 1072 seu
767 1036 904 1071 medios
933 1036 1106 1071 terminos

57 1095 230 1129 invenire.
278 1095 332 1129 De
353 1094 457 1129 Locis
478 1095 623 1140 Topicis
653 1107 713 1131 seu
742 1096 851 1130 modo
873 1095 1051 1130 efticiendi
1072 1098 1107 1130 et

57 1153 235 1199 probandi
252 1153 519 1198 propositiones
534 1155 793 1200 contingentes.
834 1154 1019 1200 Specimen
1042 1153 1106 1187 mi-

56 1212 171 1246 rabile
186 1212 559 1257 prae(li‹·a111ent‹j›1·mn
575 1214 662 1248 artis
677 1213 938 1248 con‘Znatoriae
953 1223 999 1247 ex
1015 1213 1107 1247 (ico-

57 1271 196 1305 metria.
238 1270 402 1305 l'orisma
423 1271 466 1305 de
488 1271 668 1316 Scriptura
688 1272 882 1306 universali
912 1271 1106 1316 cuicunque

56 1329 188 1371 ies-renti
238 1328 480 1374 cujuscunque
530 1329 673 1375 liuguae.
716 1330 831 1375 perito
875 1329 1105 1374 intelligibili.

56 1387 129 1421 Dui
153 1386 204 1421 110
225 1387 435 1421 Breissac
456 1387 636 1432 specimen
657 1388 746 1422 artis
761 1387 1023 1422 cou‘21‘iatoriae
1043 1398 1106 1422 seu

54 1444 255 1480 meditandi
278 1444 315 1478 in
335 1456 374 1480 re
395 1445 536 1491 bellica,
559 1445 660 1490 cujus
682 1447 855 1481 beneficio
878 1445 1001 1479 onmia
1022 1456 1106 1480 con-

53 1503 271 1538 sidemtione
301 1503 410 1549 digna
438 1503 652 1549 Imperatori
681 1504 719 1538 in
749 1508 907 1539 mentem
943 1503 1104 1538 veniant.

52 1562 107 1597 De
135 1562 211 1597 Usu
239 1565 401 1597 rotarum
428 1563 735 1598 concentiicariun
770 1563 1037 1598 chartacearum
1066 1563 1105 1598 in

25 1644 27 1647 -
52 1622 129 1656 arte
156 1621 231 1655 hac.
285 1621 392 1655 Serae
420 1621 485 1656 liae
514 1625 591 1656 arte
626 1625 850 1658 constructae
886 1622 963 1656 sine
997 1621 1104 1656 clavi-

53 1680 119 1714 bus
140 1679 365 1725 aperiendae,
388 1680 695 1726 Mabl—Schlt'isser,
718 1681 902 1716 Mixturae
928 1681 1102 1716 colorum.

52 1738 173 1773 Probl.
190 1738 251 1773 III.
293 1739 391 1774 Dato
411 1750 562 1774 munero
583 1740 753 1775 classium
774 1743 808 1775 et
831 1751 951 1775 rerum
973 1739 1011 1774 in
1032 1740 1103 1774 sin-

52 1797 156 1842 gulis,
179 1797 449 1843 complexiones
469 1798 638 1834 classium
659 1799 832 1834 invenire.
874 1799 1103 1833 Divisionem

53 1856 92 1890 in
114 1856 329 1891 divisionem
351 1857 488 1903 ducere,
511 1857 554 1892 de
583 1858 721 1904 vulgari
742 1857 990 1893 Conscientiae
1013 1858 1101 1892 divi<

51 1915 162 1949 sione.
210 1914 388 1950 Numerus
409 1920 584 1951 sectarum
605 1917 649 1951 (le
670 1928 812 1952 summo
835 1917 933 1952 bono
954 1928 974 1952 e
994 1916 1102 1951 Var-

50 1984 161 2008 rone
181 1974 277 2020 apud
292 1974 326 2008 A
335 1975 523 2018 ugustin
532 1986 610 2010 um.
647 1976 734 2020 Ejus
755 1987 920 2011 examen.
956 1975 998 2009 In
1015 1976 1100 2010 dato

50 2032 163 2078 gradu
196 2033 520 2075 consanguinitatis
555 2045 725 2069 numerus
766 2035 808 2079 1)
843 2035 1100 2080 cognationum

45 2090 154 2133 juxta
169 2091 192 2125 l.
217 2092 234 2126 l
255 2094 297 2126 et
317 2092 351 2126 3.
363 2092 406 2126 D.
424 2092 476 2127 dc
491 2093 622 2127 Grad.
640 2096 674 2128 et
684 2093 718 2127 A
728 2094 772 2128 ss.
807 2093 852 2137 2)
865 2104 1098 2138 personarum

45 2149 157 2193 juxta
192 2150 214 2185 l.
244 2150 306 2184 10.
336 2151 380 2185 D.
411 2151 504 2186 eod.
532 2151 705 2197 singulari
733 2152 884 2187 altificio
919 2152 1098 2187 inventus.

50 2209 242 2243 Problema
263 2209 323 2243 lv.
372 2210 468 2245 Dato
490 2221 641 2246 numero
662 2221 782 2246 rerum
802 2211 1020 2246 variationes
1042 2221 1098 2245 or-

49 2267 144 2302 dinis
166 2267 336 2303 invenire.
381 2268 442 2303 L'ti
463 2269 646 2315 hospitum
667 2269 705 2304 in
726 2280 851 2305 mensa
874 2270 910 2304 6.
927 2270 1100 2304 Drexe-

49 2325 132 2371 lio,
159 2326 568 2373 7.Hars‹10rsfe1·0‚
597 2328 938 2363 12.Henischi0.
967 2328 1100 2362 Versus

48 2384 220 2431 Protei,
243 2397 276 2419 v.
293 2397 325 2431 g.
348 2386 590 2432 Bauhusii,
608 2386 786 2433 Lausii,
810 2387 986 2433 Ebelii,
1006 2386 1100 2421 Rie-

48 2443 177 2489 cioli,
202 2444 537 2481 Harsdorfferi.
579 2445 808 2481 Variationes
829 2446 1016 2482 literarum
1036 2445 1100 2480 Al—

48 2501 206 2547 pbabcti,
228 2507 518 2548 comparatarum
546 2505 698 2550 atomis3
728 2505 900 2540 Tesserae
920 2515 1099 2548 gramma-

49 2560 150 2595 ticae.
199 2561 320 2595 Probl.
338 2562 380 2596 V.
428 2562 524 2597 Dato
545 2574 696 2598 munero
716 2575 837 2598 rerum
858 2563 1099 2598 variationem

48 2618 243 2652 vicinitatis
278 2619 449 2655 invenire.
497 2621 611 2656 Locus
648 2622 947 2657 honoratissimus
975 2621 1014 2656 in
1042 2632 1098 2656 ro-

47 2677 173 2712 tundo.
231 2677 390 2712 Circulus
419 2678 677 2724 Svllogistieus.
734 2681 855 2715 Probl.
886 2680 946 2714 vl.
1002 2681 1098 2715 Dato

47 2746 198 2770 munero
220 2747 340 2770 rerum
361 2736 628 2781 variandarum,
646 2749 798 2784 quarum
819 2739 940 2784 aliqua
955 2739 1013 2773 vel
1034 2739 1099 2773 ali·
1130 2753 1133 2759 ¹

47 2804 139 2840 quae
160 2797 382 2840 repetuntur,
401 2795 644 2830 variationem
665 2797 802 2831 ordinis
818 2797 991 2831 invenire.
1027 2797 1097 2831 He.-

47 2856 297 2888 xametrorum
313 2853 447 2898 species
468 2853 531 2887 76.
553 2853 765 2888 Hexametri
784 2854 848 2888 ⁶26.
871 2866 1023 2900 quorum
1045 2866 1097 2889 se-

47 2921 159 2957 quens
175 2912 447 2947 antecedentem
463 2912 567 2947 litera
583 2912 725 2946 excedit
733 2912 762 2946 P
770 2923 793 2946 u
802 2913 826 2948 b
835 2913 848 2947 l
857 2913 869 2946 i
878 2913 889 2946 i
899 2914 927 2947 P
937 2913 1048 2958 orph
1058 2923 1097 2956 y-

46 2970 108 3004 rii
123 2970 391 3016 Optatiani:
413 2970 492 3016 quis
518 2971 589 3005 ille.
625 2969 826 3016 Diphtongi
843 2981 892 3005 ae
908 2971 1094 3016 scriptura.

47 3028 167 3063 Probl.
209 3029 287 3063 VH.
348 3029 519 3075 Reperire
566 3029 652 3064 dato
699 3029 817 3074 capite
864 3029 1094 3063 variationes.

47 3087 170 3122 Probl.
191 3087 285 3122 VHI.
327 3088 554 3123 Variationes
576 3087 677 3122 alteri
700 3087 785 3122 (lato
806 3087 917 3132 capiti
937 3097 1096 3122 commu-

47 3155 121 3180 nes.
170 3145 291 3181 Probl.
314 3146 379 3181 IX.
421 3146 549 3192 Capita
570 3147 787 3181 variationes
807 3156 1015 3181 communes
1036 3146 1097 3180 ha-

47 3203 181 3238 bentia.
230 3204 349 3240 Probl.
378 3205 427 3240 X.
471 3205 598 3251 Capita
627 3205 868 3239 variationum
897 3204 1041 3238 utilium
1061 3207 1098 3239 et

47 3261 240 3297 inutilium.
290 3263 412 3298 Probl.
440 3264 507 3299 XI.
557 3264 786 3299 Variationes
814 3262 968 3298 inutiles.
1011 3262 1094 3297 ΧΠ.

48 3319 174 3356 Utiles.
216 3322 401 3367 Optatiani
430 3322 624 3358 Proteus
653 3334 785 3358 versus.
827 3322 858 3357 J.
885 3321 921 3356 C.
951 3321 1095 3356 Scali-

1181 215 1275 259 =geri
1307 215 1468 259 (Virgilii
1498 217 1688 262 casualis).
1744 217 1964 255 Bauhusii
1993 218 2141 263 (Ovidii
2163 222 2226 257 Ca-

1180 273 1321 317 sualis).
1353 275 1580 321 Kleppisii
1600 276 1742 322 (praxis
1757 278 2227 323 computandiVariationes

1179 331 1325 367 inutiles
1353 336 1387 368 et
1414 335 1559 380 utiles),
1592 336 1748 371 Caroli
1777 348 1798 371 a
1828 337 2094 383 Goldstein,
2123 338 2226 373 Rei-

1179 390 1301 424 meri.
1349 392 1414 426 CL.
1438 393 1608 428 Daunii
1632 395 1674 440 4,
1699 405 1851 440 quvrum
1879 395 1999 431 ultimi
2029 396 2100 431 duo
2129 397 2226 442 plus-

1179 458 1287 493 quam
1314 450 1444 485 Protei.
1493 452 1814 490 Additamentum:
1846 454 2119 491 Deinoustratio
2140 456 2225 491 Exi-

1178 507 1330 544 stentiae
1350 508 1443 544 DEI.

1471 625 1931 665 DmioNsTRATIo

1351 692 1859 742 EXISTENTIAE
1904 699 2048 744 DEI.

1520 770 1879 809 PRAECOGMTA:

1210 858 1243 892 1.
1260 857 1433 894 Definitio
1455 858 1487 894 1.
1509 858 1629 895 Deus
1650 863 1704 895 est
1719 861 1927 897 Substantia
1943 863 2152 910 incorporea
2171 865 2224 901 in-

1264 918 1386 953 finitae
1407 918 1560 953 virtutis.

1237 976 1340 1011 .Def.
1366 976 1401 1010 2.
1444 977 1764 1014 Substantiam
1786 981 1906 1014 autem
1927 991 2034 1026 v0c0,
2057 981 2224 1028 quicquid

1264 1038 1385 1069 movet
1406 1039 1467 1070 aut
1488 1040 1664 1072 movetur.

1209 1093 1243 1127 3.
1261 1094 1341 1128 Des.
1374 1094 1409 1128 3.
1466 1094 1626 1130 Virtus
1668 1095 1859 1131 infinita
1902 1100 1970 1132 est
2005 1097 2224 1133 Potentia

1263 1152 1541 1198 principalis
1562 1154 1776 1189 movendi
1807 1154 2061 1191 infinitum.
2103 1157 2224 1192 Virtus

1264 1211 1362 1246 enim
1386 1211 1482 1246 idem
1505 1215 1559 1246 est
1579 1213 1674 1258 quod
1696 1213 1860 1258 potentia
1886 1215 2113 1260 principalis,
2142 1215 2225 1251 binc

1263 1270 1414 1304 dicimus
1448 1281 1572 1306 causas
1608 1272 1780 1308 secundas
1809 1273 1951 1318 operari
1977 1274 2017 1308 in
2050 1274 2226 1309 virtute

1263 1329 1410 1373 primae.

1208 1387 1497 1422 4.P‹1›stulat1un.
1545 1387 1703 1423 Liceat
1740 1392 2036 1436 quotcunque
2064 1402 2134 1426 res
2162 1391 2224 1426 si-

1264 1445 1353 1480 mul
1397 1456 1590 1491 sumere,
1635 1450 1679 1482 et
1721 1450 1940 1493 tanquam
1985 1460 2122 1484 unum
2157 1452 2224 1484 to-

1265 1506 1357 1538 tum
1388 1515 1655 1550 supponere.
1720 1505 1757 1540 Si
1787 1506 1867 1551 quis
1902 1509 2119 1553 praefractus
2156 1508 2223 1544 hoc

1263 1565 1386 1608 neget,
1432 1562 1594 1597 ostendo.
1663 1562 1864 1610 Conceptus
1908 1566 2113 1611 partium
2156 1570 2221 1614 est,

1262 1624 1301 1656 ut
1337 1620 1409 1655 sint
1444 1622 1543 1656 entia
1577 1622 1704 1667 plura,
1741 1622 1786 1657 de
1821 1623 1950 1668 quibus
1987 1625 2157 1660 omnibus
2192 1626 2223 1660 si

1262 1679 1348 1726 quid
1377 1680 1531 1726 intelligi
1559 1684 1697 1727 potest,
1728 1682 1901 1727 quoniam
1929 1694 2069 1729 semper
2097 1694 2223 1719 omnes

1261 1739 1454 1774 nominare
1491 1740 1548 1774 vel
1582 1739 1855 1775 inconunodum
1897 1741 1956 1777 vel
1998 1742 2223 1788 impossibile

1261 1801 1333 1843 est,
1371 1798 1597 1844 excogitatur
1632 1809 1743 1833 unum
1777 1810 1931 1845 nomen,
1969 1801 2067 1846 quod
2099 1801 2136 1836 in
2165 1812 2221 1836 ra-

1260 1856 1534 1892 tiocinationem
1554 1868 1619 1904 pro
1641 1857 1810 1893 omnibus
1830 1859 1994 1904 partibus
2021 1859 2223 1895 adhibitum

1259 1916 1467 1961 compendii
1507 1916 1683 1952 sermonis
1723 1927 1849 1962 causa,
1897 1918 2099 1964 appellatur
2137 1919 2222 1953 To-

1258 1978 1362 2010 tum.
1399 1975 1558 2020 Cumque
1586 1974 1679 2010 datis
1709 1979 1937 2022 quotcunque
1964 1977 2082 2023 rebus,
2111 1977 2221 2013 etiam

1258 2033 1421 2079 infinitis,
1451 2033 1605 2077 intelligi
1634 2034 1758 2079 possit,
1789 2035 1887 2080 quod
1907 2035 1951 2069 de
1972 2036 2141 2071 onmibus
2161 2047 2220 2071 ve-

1259 2102 1340 2126 rum
1369 2095 1443 2137 est,
1475 2092 1559 2137 quia
1587 2103 1713 2126 omnes
1740 2093 1983 2139 particulatim
2010 2104 2220 2129 enumerare

1259 2150 1399 2185 infinito
1416 2150 1561 2185 demum
1576 2154 1738 2196 tempore
1758 2151 1988 2197 possibile
2009 2155 2072 2197 est,
2094 2152 2220 2187 licebit

1260 2220 1370 2244 unum
1390 2220 1525 2244 nomen
1546 2209 1584 2243 in
1605 2209 1764 2244 rationes
1779 2221 1914 2256 ponere
1934 2210 2013 2246 loco
2035 2211 2217 2246 omnium:

1257 2268 1353 2313 quod
1375 2268 1494 2314 ipsum
1515 2268 1581 2303 erit
1603 2268 1779 2303 Totum.

1208 975 1230 1010 10

1202 2326 1238 2361 5.
1255 2327 1415 2362 Axioma
1449 2327 1481 2362 l.
1522 2327 1558 2362 Si
1579 2327 1665 2373 quid
1686 2330 1868 2374 movetur,
1891 2326 1996 2363 datur
2023 2326 2122 2363 aliud
2142 2337 2217 2362 1110-

1257 2397 1356 2421 vens.

1231 2472 1237 2478 .
1255 2444 1326 2479 Ax.
1347 2444 1381 2478 2.
1425 2444 1541 2479 Omne
1562 2455 1690 2490 corpus
1712 2454 1861 2480 movens
1882 2447 2056 2480 movetur.

1230 2531 1236 2537 .
1254 2503 1324 2537 Ax.
1345 2504 1380 2538 3.
1422 2503 1533 2537 Motis
1543 2503 1712 2538 omnibus
1729 2504 1890 2549 partibus
1909 2506 2073 2537 movetur
2089 2505 2215 2537 totum.

1230 2590 1236 2596 .
1253 2563 1324 2596 Ax.
1345 2563 1379 2596 4.
1421 2561 1668 2607 Cujuseunque
1683 2561 1843 2607 corporis
1860 2562 2022 2596 infinitae
2038 2563 2121 2606 sunt
2137 2572 2216 2606 par-

1256 2624 1320 2665 tes,
1343 2631 1405 2655 seu
1425 2623 1465 2654 ut
1486 2620 1594 2665 vulgo
1615 2621 1823 2667 loquuntur,
1846 2621 2067 2655 Continuum
2088 2624 2141 2654 est
2163 2618 2215 2653 di-

1255 2679 1400 2713 visibile
1421 2678 1459 2712 in
1480 2678 1672 2712 infinitum.

1199 2736 1235 2771 9.
1252 2736 1478 2772 Observatio.
1520 2736 1681 2782 Aliquod
1700 2747 1829 2783 corpus
1850 2740 2026 2772 movetur.

1200 2444 1224 2595 OE*103

1575 2822 1599 2838 ,ι

1597 2829 1793 2870 Εκὲῖεσις.

1230 2910 1272 2955 1)
1289 2910 1426 2958 Corpus
1443 2914 1632 2947 amovetur
1647 2923 1726 2958 per
1741 2922 1944 2958 praeeog.
1961 2911 1995 2944 9.
2033 2908 2077 2952 2)
2093 2906 2132 2942 Ε.
2150 2907 2209 2942 da-

1165 2971 1224 3003 tur
1245 2969 1344 3005 aliud
1371 2980 1521 3005 movens
1543 2982 1620 3017 per
1644 2971 1679 3005 5.
1734 2971 1778 3015 3)
1807 2974 1842 3005 et
1870 2970 1926 3004 vel
1947 2969 2208 3012 incorporeum,

1168 3028 1212 3071 4)
1235 3028 1330 3073 quod
1352 3028 1513 3064 infinitae
1529 3029 1671 3064 virtutis
1691 3032 1745 3063 est
1764 3027 1865 3074 [per
1884 3027 1917 3061 3.
1949 3026 1992 3068 5)
2014 3024 2097 3070 quia
2112 3025 2146 3059 A
2162 3025 2208 3059 ab

1165 3097 1208 3121 eo
1230 3090 1370 3122 motum
1384 3087 1492 3122 habet
1510 3088 1668 3122 infinitas
1684 3090 1802 3133 partes
1823 3097 1899 3131 per
1917 3083 1971 3127 8.]
2007 3083 2052 3127 6)
2069 3085 2105 3117 et
2121 3083 2209 3117 Sub-

1165 3146 1300 3179 stantia
1320 3157 1399 3192 per
1418 3145 1454 3179 2.
1502 3145 1544 3189 7)
1566 3146 1606 3180 F.
1629 3146 1734 3180 DEUS
1755 3155 1831 3190 per
1861 3143 1892 3176 1.
1913 3151 1945 3186 q.
1968 3152 1997 3175 e.
2020 3141 2053 3175 d.
2085 3141 2128 3185 S)
2151 3141 2206 3175 vel

1166 3204 1313 3249 Corpus,
1347 3204 1391 3248 9)
1413 3204 1510 3249 quod
1533 3204 1693 3239 dicamus
1714 3203 1751 3235 R.
1787 3201 1856 3244 10)
1881 3200 1917 3233 id
1937 3199 2056 3245 ipsum
2077 3202 2113 3234 et
2132 3210 2207 3234 mo·

1165 3265 1269 3297 vetur
1297 3274 1374 3309 per
1397 3264 1432 3297 6.
1476 3263 1548 3306 ll)
1570 3265 1605 3297 et.
1632 3261 1786 3296 recurret
1814 3258 1910 3303 quod
1931 3258 1975 3292 110
2003 3269 2152 3304 corpore
2172 3257 2206 3291 A

1165 3321 1512 3366 demonstravimus,
1555 3323 1660 3365 atquc
1695 3318 1744 3351 ita
1780 3316 1836 3351 vel
1874 3316 2067 3363 aliquando
2105 3316 2205 3351 dabi-
