2361 3643
24 0 30 54 l

25 61 29 174 ἶ

23 197 28 269 Ξ

23 271 27 358 ἶ

92 193 136 227 A.

92 251 133 287 B.

92 311 136 345 A.

620 98 696 134 vll.
736 98 801 134 DE
821 97 1138 135 CONNEXIONE
1160 99 1331 137 RERUM
1352 101 1414 138 ET
1435 101 1713 139 VERBORUM.

166 192 217 226 At
237 190 461 237 definitiones
481 192 639 238 pendent
662 194 708 228 ab
731 193 881 229 arbitrio
902 194 1048 229 nostro?

165 250 260 292 Quid
284 251 356 285 ita?

164 310 293 345 Nonne
321 309 421 344 vides
452 311 489 344 in
517 309 667 346 arbitrio
697 322 772 346 esse
801 311 1136 347 Mathematieorum

164 369 218 404 uti
250 379 336 403 voce
364 369 551 415 Ellypseos
582 373 621 405 ut
647 370 819 417 significet
846 371 995 416 figuram
1024 382 1135 417 quan-

163 427 270 463 dam?
303 428 349 462 Et
371 428 410 463 in
433 428 583 463 arbitrio
607 429 819 463 Latinorum
841 429 918 475 fuit,
942 430 1019 465 voci
1042 430 1134 465 Cir-

161 486 290 522 culus
313 487 497 533 imponere
517 487 824 534 significatismem,
841 498 949 534 quam
965 489 1134 536 exprimit

160 545 346 580 definitio?

162 604 257 646 Quid
284 605 382 639 tum‘!
413 604 656 651 Cogitationes
686 605 761 640 fieri
791 609 939 652 possunt
966 606 1042 642 sine
1073 618 1135 642 vo-

159 663 306 699 cabulis.

160 723 211 757 At
231 733 304 757 non
325 722 401 757 sine
423 722 504 757 aliis
530 722 649 769 signis.

159 781 234 816 lum
274 780 537 816 arithmeticum
581 782 757 817 calculum
795 782 982 818 instituere
1018 784 1133 829 possis

159 839 236 874 sine
256 839 367 885 signis
387 840 651 875 numeralibus!
683 836 795 889 ((¹um
810 841 906 876 Deus
927 843 1077 878 calculat
1097 846 1132 878 et

158 898 413 944 cogitationem
437 902 578 934 exercet
599 900 637 934 fit
662 900 844 948 mundns).

159 957 272 991 Valde
292 968 349 991 me
370 958 568 1005 perturbas,
598 969 713 1004 neque
742 959 839 994 enim
860 960 1032 1006 putabam
1052 961 1132 996 cha-

157 1018 309 1051 racteres
332 1017 389 1052 vel
417 1017 519 1063 signa
542 1017 588 1052 ad
608 1018 897 1053 ratiocinandum
918 1022 993 1053 tam
1016 1031 1130 1055 neces·

156 1075 251 1109 saria
271 1087 357 1109 esse.

161 1134 256 1178 Ergo
294 1134 460 1169 veritates
499 1134 755 1170 Arithmeticae,
782 1135 904 1182 aliqua
932 1136 1035 1182 signa
1068 1148 1130 1172 seu

155 1193 373 1228 characteres
394 1195 621 1239 supponunt?

710 723 827 758 Teuta
856 734 988 769 quaeso
1011 735 1058 759 an
1082 726 1133 760 ul-
1165 723 1168 756 ἐ

81 1250 123 1286 Β.
154 1252 356 1286 Fatendum
375 1255 438 1287 est.

81 1310 126 1344 A.
158 1310 252 1356 Ergo
274 1311 430 1356 pendent
449 1310 496 1345 ab
516 1311 703 1346 hominum
724 1311 897 1347 arbitrio?

80 1368 121 1405 13.
154 1369 295 1404 Videris
316 1380 373 1404 me
393 1370 494 1415 quasi
522 1369 725 1416 praestigiis
747 1370 962 1416 quibusdam
982 1370 1130 1405 circum-
1163 1395 1164 1399 ,

154 1427 286 1462 venire.

84 1486 128 1521 A.
157 1486 241 1522 Non
267 1496 349 1521 mea
375 1486 461 1521 haec
494 1489 595 1533 sunt,
631 1488 693 1522 sed
725 1487 903 1533 ingeniosi
932 1486 1129 1523 admodum

157 1545 349 1592 scriptoris.
1037 1550 1040 1552 “

81 1603 122 1642 Β.
156 1604 303 1640 Adeone
324 1604 513 1650 quisquam
534 1615 555 1639 a
582 1604 679 1639 bona
708 1608 829 1641 mente
851 1604 1030 1640 discedere
1051 1609 1129 1651 pot-

86 2485 129 2520 Α.

89 3073 131 3108 Β.

151 1666 223 1710 cst,
253 1666 293 1699 ut
324 1663 393 1697 sibi
418 1663 628 1709 persuadeat
656 1664 845 1699 veritatem
876 1675 951 1699 esse
978 1664 1129 1700 arbitra-

152 1722 245 1757 riam
273 1725 309 1756 et
329 1733 351 1756 a
370 1722 577 1757 nominibus
604 1723 768 1770 pendere,
801 1734 882 1757 cum
903 1726 1023 1758 tamen
1045 1735 1129 1758 con-

155 1782 225 1815 stet
245 1780 398 1815 eandem
425 1792 501 1815 esse
527 1782 762 1828 Graecorum,
793 1782 1017 1829 Latinorum,
1042 1784 1128 1818 Ger-

154 1849 343 1874 manorum
365 1839 632 1874 Geometriam‘l

158 1898 266 1933 Recte
281 1898 343 1932 ais.
376 1898 515 1933 Interea
535 1898 734 1934 difficultati
757 1899 1048 1935 satisfaciendum
1065 1908 1127 1935 est.

157 1957 234 1991 Hoc
262 1967 372 1991 unmn
400 1968 457 1992 me
486 1958 580 1992 male
608 1958 733 2004 habet,
764 1959 862 2003 quod
892 1969 1078 2004 nunquam
1106 1972 1127 1993 a

154 2027 211 2050 me
239 2016 350 2050 ullam
376 2015 565 2051 veritatem
593 2016 753 2061 agnosci,
785 2017 949 2063 inveniri,
982 2018 1127 2063 probari
1161 2037 1163 2055 :

153 2075 402 2109 animadverto
431 2074 501 2108 nisi
530 2075 712 2110 vocabulis
740 2076 795 2109 vel
832 2075 912 2110 aliis
944 2075 1055 2120 signis
1090 2076 1127 2110 in

152 2133 274 2168 animo
295 2132 476 2168 adhibitis.

158 2192 236 2227 Imo
271 2192 303 2226 si
338 2192 555 2227 characteres
590 2192 775 2237 alj›essent,
813 2202 998 2238 nunquam
1033 2193 1128 2238 quic-

154 2262 264 2298 quam
297 2250 463 2286 distincte
499 2251 749 2297 cogitaremus,
786 2262 902 2298 neque
938 2251 1128 2287 ratiocina-

153 2321 284 2345 remur.

154 2368 204 2403 At
224 2368 367 2414 quando
388 2369 516 2415 figuras
532 2368 759 2403 Geometriae.
784 2369 1001 2415 inspicimus,
1024 2381 1128 2415 saepe

156 2438 203 2461 ex
217 2430 381 2462 accurata
395 2438 519 2462 earum
535 2427 768 2463 meditatione
778 2428 943 2463 veritates
959 2428 1126 2463 eruimus

158 2485 214 2519 lta
234 2489 304 2530 est,
332 2486 392 2521 sed
413 2486 597 2521 sciendum
623 2486 734 2521 etiam
762 2487 826 2521 has
846 2488 975 2532 figuras
996 2488 1127 2522 haben-

157 2544 222 2578 das
249 2555 314 2589 pro
348 2545 604 2590 caracteribus,
634 2556 749 2590 neque
785 2546 884 2580 enim
910 2546 1061 2581 circulus
1089 2546 1127 2581 in

156 2602 278 2637 charta
312 2602 506 2648 descriptus
534 2614 637 2638 verus
665 2606 717 2638 est
745 2604 914 2651 circulus,
948 2616 1063 2650 neque
1090 2606 1127 2640 id

157 2672 247 2707 opus
274 2662 329 2695 est
354 2660 417 2695 sed
450 2660 579 2695 sufficit
605 2672 688 2696 eum
717 2673 739 2696 a
765 2662 871 2697 nobis
900 2674 966 2709 pro
994 2664 1127 2698 circulo

156 2719 290 2755 haberi.

158 2778 276 2813 Habet
296 2780 419 2811 tamen
445 2776 715 2811 similitudinem
742 2779 924 2823 quandam
952 2790 1033 2814 cum
1062 2780 1127 2814 cir-

158 2837 251 2882 culo,
273 2847 385 2881 eaque
404 2836 498 2869 certe
521 2835 712 2870 arbitraria
732 2847 805 2870 non
821 2839 888 2871 est.

162 2896 302 2941 Fateor,
319 2894 469 2939 ideoque
490 2893 670 2929 utilissimi
690 2893 931 2929 characterum
946 2898 1028 2929 sunt
1044 2896 1129 2941 figu-

160 2965 231 2990 rae.

161 3012 348 3048 denarium
368 3015 404 3047 et
424 3012 662 3047 characterem
689 3011 737 3044 10
754 3011 763 3045 ἔ

162 3071 227 3106 Est
242 3071 496 3116 aliquarelatio
509 3082 570 3105 seu
581 3070 670 3105 ordo
682 3069 719 3104 in
734 3069 1007 3107 characteribus,
1017 3069 1077 3114 qui
1095 3069 1130 3104 in

162 3130 281 3176 rebus,
303 3129 480 3175 imprimis
499 3130 528 3164 si
545 3130 762 3164 characteres
776 3128 847 3163 sint
870 3129 962 3162 bene
979 3128 1130 3164 inventi.
1166 3163 1169 3172 ,

94 3189 138 3223 Α.
168 3188 273 3233 Esto,
303 3188 363 3223 sed
392 3198 500 3233 quam
529 3187 803 3222 similitudinem
830 3197 911 3222 cum
939 3187 1045 3222 rebus
1074 3187 1134 3222 ha-
1166 3179 1169 3221 ἶ

167 3247 253 3282 bent
280 3246 357 3293 ipsa
378 3246 494 3292 prima
521 3247 708 3293 elementa,
737 3246 837 3281 verbi
865 3244 979 3292 gratia
1000 3257 1033 3280 o.
1053 3256 1134 3280 cum
1168 3268 1171 3293 1

169 3304 294 3351 nihilo,
324 3305 378 3340 vel
400 3316 432 3341 a.
461 3316 542 3341 cum
569 3305 686 3341 linea?
725 3304 869 3353 Cogeris
896 3315 980 3351 ergo
1008 3304 1136 3340 admit·
1168 3302 1171 3324 ²

278 2954 346 2989 Sed
373 2964 483 2999 quam
510 2951 784 2987 similitudinem
811 2963 885 2993 esse
912 2956 1016 2998 putas
1036 2953 1130 2989 inter
1160 2947 1165 3006 ’ξ

1163 3035 1166 3049 ῐ

1236 1988 1242 1994 .
1271 1961 1385 2006 Euge:
1418 1961 1598 2006 praeclare
1628 1959 1824 1994 admodum
1845 1960 1896 1993 Te
1923 1959 2125 2005 expediisti.

2197 101 2249 142 77

1278 198 1362 241 tere,
1393 197 1521 231 saltem
1549 198 1586 232 in
1616 198 1670 233 his
1705 198 1891 234 elementis
1919 200 2018 234 nulla
2047 212 2136 248 opus
2174 214 2249 237 esse

1277 254 1520 291 similitudine.
1567 257 1737 303 lixmupli
1759 269 1865 292 causa
1895 258 1931 293 in
1955 259 2071 293 lucis
2102 262 2163 294 aut
2186 263 2248 296 fe—

1276 314 1405 348 rendi
1426 314 1612 362 vocabulo,
1645 317 1787 351 tametsi
1807 317 2045 363 compositum
2066 319 2249 355 Lucifer

1276 371 1489 407 relationem
1519 374 1564 408 ad
1593 375 1680 409 lucis
1708 378 1744 410 et
1764 376 1901 410 ferendi
1924 377 2098 412 vocabula
2118 377 2249 413 habeat

1275 430 1308 464 ei
1343 432 1628 479 respondentem,
1658 444 1766 479 quam
1802 435 1908 470 habet
1936 446 2002 481 res,
2036 436 2248 471 Lucifero

1274 488 1483 535 significata,
1503 492 1549 525 ad
1571 503 1646 526 rem
1669 493 1851 528 vocabulis
1873 493 1987 529 lueis
2008 497 2043 529 et
2065 496 2245 531 ferendi

1273 547 1531 589 significatam?

1275 606 1325 640 At
1344 607 1520 642 Graecum
1541 597 1763 653 que‘q‘ioeoe
1789 610 1941 645 eandem
1968 610 2075 646 hahet
2103 612 2247 648 relatio-

1275 676 1358 700 nem
1378 666 1422 700 ad
1445 664 1531 710 φῶς
1553 670 1586 701 et
1609 655 1725 711 φέρω.

1239 752 1246 758 .
1278 725 1447 759 Poterant
1469 725 1596 759 Graeci
1620 737 1694 759 non
1714 726 1777 760 hae
1798 726 1860 761 sed
1883 726 1953 761 alia
1975 740 2061 764 voce
2082 730 2144 764 uti.

1278 784 1332 819 Ita
1355 786 1426 820 est:
1448 784 1509 818 sed
1531 784 1596 818 hoc
1618 786 1739 819 tamen
1760 785 2020 833 animadverto,
2053 788 2081 821 si
2106 788 2245 823 charac-

1275 846 1366 877 teres
1393 842 1438 877 ad
1466 842 1756 877 ratiociilandum
1784 844 1942 878 adhiberi
1971 846 2120 891 possint,
2144 844 2182 881 in
2204 847 2245 881 il-

1274 901 1317 936 lis
1340 901 1497 947 aliquem
1518 913 1593 934 esse
1608 902 1722 936 situm
1739 903 1968 949 cmnplexum
1989 904 2161 944 ordinem,
2183 906 2245 951 qui

1273 961 1379 996 rebus
1395 960 1574 1005 convenit,
1593 960 1622 994 si
1640 972 1713 995 non
1730 961 1766 995 in
1782 961 1931 1004 singulis
1948 963 2093 997 vocibus
2103 963 2245 1009 (quam-

1273 1030 1381 1065 quam
1403 1023 1437 1054 et
1461 1020 1525 1053 hoc
1548 1019 1674 1054 melius
1696 1020 1803 1064 thret)
1821 1021 1948 1054 saltem
1971 1021 2007 1055 in
2024 1033 2146 1057 earum
2163 1034 2246 1058 con-

1269 1077 1457 1121 junctione
1484 1081 1519 1113 et
1549 1079 1655 1124 flexu,
1685 1082 1720 1113 et
1746 1079 1837 1113 hunc
1866 1079 2040 1125 ordinem,
2070 1081 2246 1116 variatum

1272 1137 1418 1183 quidem
1452 1138 1489 1171 in
1519 1137 1687 1171 omnibus
1717 1137 1858 1183 linguis,
1896 1139 2165 1183 ‹plodannnffllo
2193 1152 2246 1176 re-

1272 1196 1457 1242 spondere.
1517 1196 1637 1241 Atque
1664 1196 1730 1232 hoc
1759 1196 1845 1231 mihi
1866 1207 1966 1241 spem
1988 1198 2073 1233 facit
2092 1199 2246 1233 exeundi

1273 1267 1292 1289 e
1313 1255 1531 1289 difficultate.
1592 1254 1686 1289 Nam
1712 1255 1779 1289 etsi
1805 1255 2022 1291 characteres
2050 1256 2121 1292 sint
2152 1258 2246 1293 arbi-

1273 1313 1392 1359 trarii,
1428 1324 1554 1348 eorum
1589 1316 1710 1349 tamen
1746 1324 1829 1348 usus
1857 1315 1892 1347 et
1926 1316 2105 1350 connexio
2139 1316 2246 1351 habet

1272 1372 1454 1418 quiddam,
1471 1372 1568 1417 quod
1584 1375 1724 1406 nonest
1745 1372 1987 1419 arbitrarium,
2011 1374 2144 1409 scilicet
2164 1386 2245 1421 pro-

1272 1430 1476 1477 portionem
1499 1431 1680 1475 quandum
1702 1431 1794 1465 inter
1814 1431 2031 1466 characteres
2059 1436 2094 1467 et
2115 1444 2170 1467 res
2191 1434 2245 1469 di—

1270 1500 1454 1524 versorum
1489 1489 1742 1536 characterum,
1775 1490 1917 1524 easdem
1951 1502 2007 1525 res
2041 1492 2245 1538 exprimen-

1272 1548 1374 1584 tium.
1411 1548 1604 1583 relationes
1641 1548 1733 1582 inter
1768 1559 1815 1581 se.
1879 1549 1920 1582 lit
1950 1548 2032 1583 haec
2056 1551 2242 1597 proportio

1273 1608 1348 1641 sive
1369 1607 1497 1642 relatio
1519 1609 1570 1641 est
1597 1607 1870 1641 fundamentum
1892 1607 2064 1642 veritatis.
2125 1610 2245 1645 Efficit

1273 1666 1370 1700 enim
1392 1668 1430 1700 ut
1450 1666 1525 1700 sivo
1546 1666 1609 1701 hos
1629 1666 1702 1700 sive
1723 1665 1813 1699 alios
1841 1666 2058 1701 characteres
2077 1667 2244 1704 adhibea-

1272 1735 1361 1772 mus,
1386 1725 1481 1759 idem
1502 1735 1641 1770 semper
1661 1724 1736 1759 sive
1757 1723 1986 1769 aequimlens
2014 1736 2075 1760 seu
2097 1738 2244 1773 propor-

1875 1784 2015 1817 tulnetsi
2051 1786 2142 1819 forte
2180 1786 2245 1820 all-

1270 1854 1359 1889 quos
1380 1854 1520 1888 semper
1543 1843 1760 1877 characteres
1787 1841 1949 1877 adhiberi
1972 1854 2112 1878 necesse
2133 1844 2178 1879 sit
2198 1845 2243 1880 ad

1269 1902 1510 1944 cogitandum.

1272 1784 1370 1819 tione
1406 1784 1625 1829 respondens
1662 1783 1828 1829 prodeat.

2186 1960 2243 1996 Id-

1269 2030 1338 2064 que
1358 2020 1543 2054 confirmat
1560 2019 1713 2053 calculus
1729 2018 1927 2062 analyticus
1943 2018 2242 2055 aritlnneticusve.

1269 2078 1363 2112 Nam
1387 2078 1423 2111 in
1445 2077 1602 2111 numeris
1624 2077 1750 2111 eodem
1778 2087 1919 2121 semper
1946 2077 2055 2111 modo
2083 2089 2138 2111 res
2166 2090 2242 2113 sue—

1270 2137 1381 2179 cedet,
1404 2136 1478 2170 sive
1499 2135 1645 2170 denaria
1666 2135 1752 2180 sive,
1777 2138 1815 2169 ut
1836 2134 1984 2179 quidam
2007 2137 2128 2182 secere,
2153 2138 2241 2172 duo-

1270 2196 1418 2230 denaria
1441 2194 1687 2240 praegressione
1710 2193 1822 2228 utaris
1850 2196 1883 2227 et
1915 2196 2038 2238 postea
2065 2196 2160 2239 quod
2190 2195 2243 2230 di-

1270 2254 1473 2289 versimodo
1494 2253 1636 2287 calculis
1664 2252 1861 2298 explicasti,
1890 2251 1928 2285 in
1949 2253 2106 2298 granulis
2126 2254 2243 2289 aliave

1270 2313 1423 2348 materia
1456 2311 1670 2347 numerabili
1708 2310 1934 2356 exsequaris:
1972 2322 2110 2357 semper
2145 2312 2242 2348 enim

1272 2372 1366 2406 idem
1403 2371 1579 2417 provenit.
1643 2370 1683 2403 iet
1724 2369 1762 2403 in
1790 2369 1956 2414 Analysi,
1993 2371 2058 2404 etsi
2094 2371 2243 2406 diversis

1269 2429 1530 2465 characteribus
1553 2429 1692 2464 facilius
1713 2431 1909 2474 appareant.
1937 2428 2095 2464 diversae
2122 2442 2243 2465 rerum

1270 2489 1508 2534 habitudines,
1531 2499 1670 2533 semper
1691 2490 1812 2521 tamen
1833 2486 1929 2520 basis
1951 2488 2110 2522 veritatis
2131 2492 2182 2524 est
2204 2490 2243 2524 in

1271 2548 1347 2594 ipsa
1364 2547 1590 2583 connexione
1610 2549 1717 2591 atque
1732 2545 1966 2580 collocaticme
1981 2547 2242 2593 charactermn3

1270 2610 1309 2642 ut
1329 2607 1358 2640 si
1380 2607 1595 2652 quadratum
1615 2605 1661 2639 ab
1684 2614 1711 2638 a
1732 2603 1828 2638 dicas
1849 2614 1876 2638 a
1889 2598 1903 2618 ²
1942 2615 2007 2650 pro
2029 2616 2055 2640 α
2076 2607 2242 2652 ponendo

1911 2657 1926 2678 2

1810 2656 2005 2762 ‡{2÷

1270 2791 1334 2825 pro
1366 2789 1393 2812 a
1424 2779 1591 2825 ponendo
1642 2773 1672 2812 d
1708 2798 1753 2803 —
1794 2789 1817 2814 e
1847 2780 2059 2826 quadratum
2097 2779 2241 2814 habebis

1269 2841 1325 2936 ἶ
1341 2832 1401 2929 {312
1429 2884 1483 2889 -
1503 2866 1525 2900 ‘2
1549 2860 1619 2900 de.

1273 2953 1360 2988 latio
1385 2954 1494 2988 totius
1522 2964 1550 2989 a
1580 2954 1626 2989 ad
1663 2966 1745 2990 suas
1771 2959 1890 3001 partes
1919 2950 1982 2990 bc.

1273 3012 1381 3047 modo
1408 3012 1519 3059 paitis
1549 3023 1575 3047 a
1597 3013 1642 3048 ad
1663 3016 1780 3048 totum
1809 3009 1839 3048 d
1859 3014 2002 3058 ejusque
2030 3022 2136 3056 supra
2161 3023 2240 3057 par-

1274 3075 1347 3106 tem
1367 3082 1395 3106 a
1415 3082 1600 3107 excessum
1624 3081 1658 3106 e.
1704 3073 1795 3108 Rem
1815 3075 1935 3107 autem
1955 3080 2093 3115 semper
2113 3070 2240 3105 eodem

1279 3130 1394 3166 redire
1414 3134 1561 3177 apparet
1583 3131 1843 3166 substituendo.
1902 3128 1994 3162 Nam
2023 3127 2059 3160 in
2087 3129 2239 3163 formula

1280 3183 1309 3223 d
1322 3183 1337 3203 ²
1355 3193 1439 3230 ÷e
1453 3185 1469 3205 ²
1488 3207 1539 3212 —
1553 3189 1575 3223 2
1587 3184 1646 3223 de
1669 3189 1705 3223 in
1734 3191 1849 3223 locum
1870 3186 1978 3232 ipsius
1998 3181 2028 3219 d
2047 3186 2240 3222 substitua-

1278 3258 1356 3282 mus
1378 3248 1453 3283 eius
1482 3249 1642 3283 valorem
1662 3251 1782 3288 11—1-13
1806 3250 1888 3280 tunc
1919 3255 1982 3289 pro
2003 3238 2033 3277 d
2046 3239 2061 3259 ²
2096 3245 2240 3281 habebi-

1279 3310 1336 3343 tur
1357 3302 1414 3343 α2
1439 3310 1494 3349 -Ι-
1509 3316 1531 3342 e
1550 3301 1566 3323 ²
1588 3310 1643 3348 -ι-
1667 3305 1688 3339 2
1701 3314 1757 3341 ae
1778 3306 1813 3339 et
1834 3314 1898 3351 pro
1914 3321 1958 3327 -
1973 3300 1995 3336 2
2014 3296 2074 3338 de
2097 3304 2241 3340 habebi-

1268 2688 1386 2734 b-i-tt
1408 2692 1557 2727 habebis
1574 2691 1790 2737 quadratum
2029 2693 2051 2726 2
2077 2687 2098 2727 b
2115 2704 2156 2727 c:
2187 2694 2240 2727 vel

1681 2867 1798 2902 Priori
1829 2869 1938 2903 modo
1958 2866 2169 2914 exprimitur
2189 2877 2241 2901 re-

2042 2953 2241 2989 Posteriore,
