<?xml version="1.0" encoding="UTF-8"?>
<!DOCTYPE html PUBLIC "-//W3C//DTD XHTML 1.0 Transitional//EN"
    "http://www.w3.org/TR/xhtml1/DTD/xhtml1-transitional.dtd">
<html xmlns="http://www.w3.org/1999/xhtml" xml:lang="en" lang="en">
 <head>
  <title>
</title>
<meta http-equiv="Content-Type" content="text/html;charset=utf-8" />
  <meta name='ocr-system' content='tesseract 3.04.00' />
  <meta name='ocr-capabilities' content='ocr_page ocr_carea ocr_par ocr_line ocrx_word'/>
</head>
<body>
  <div class='ocr_page' id='page_1' title='image "./operaphilosophic00leibuoft_0490.png"; bbox 0 0 2361 3643; ppageno 0'>
   <div class='ocr_carea' id='block_1_1' title="bbox 131 145 218 192">
    <p class='ocr_par' dir='ltr' id='par_1_1' title="bbox 131 145 218 192">
     <span class='ocr_line' id='line_1_1' title="bbox 131 145 218 192; baseline -0.034 0"><span class='ocrx_word' id='word_1_1' title='bbox 131 145 218 192; x_wconf 72' lang='lat'>1246</span> 
     </span>
    </p>
   </div>
   <div class='ocr_carea' id='block_1_2' title="bbox 133 235 1179 410">
    <p class='ocr_par' dir='ltr' id='par_1_2' title="bbox 133 235 1179 410">
     <span class='ocr_line' id='line_1_2' title="bbox 135 235 1179 291; baseline -0.013 -5"><span class='ocrx_word' id='word_1_2' title='bbox 135 251 172 286; x_wconf 91' lang='lat' dir='ltr'>in</span> <span class='ocrx_word' id='word_1_3' title='bbox 187 249 274 284; x_wconf 86' lang='lat' dir='ltr'>chao</span> <span class='ocrx_word' id='word_1_4' title='bbox 297 241 561 291; x_wconf 86' lang='lat' dir='ltr'>perceptionum</span> <span class='ocrx_word' id='word_1_5' title='bbox 584 239 789 273; x_wconf 87' lang='lat' dir='ltr'>nostrarum</span> <span class='ocrx_word' id='word_1_6' title='bbox 804 236 927 271; x_wconf 87' lang='lat' dir='ltr'>latent.</span> <span class='ocrx_word' id='word_1_7' title='bbox 957 235 1045 272; x_wconf 87' lang='lat' dir='ltr'>Sunt</span> <span class='ocrx_word' id='word_1_8' title='bbox 1059 239 1179 273; x_wconf 86' lang='lat' dir='ltr'>tamen</span> 
     </span>
     <span class='ocr_line' id='line_1_3' title="bbox 136 294 1177 344; baseline -0.011 -3"><span class='ocrx_word' id='word_1_9' title='bbox 136 310 170 344; x_wconf 83' lang='lat' dir='ltr'>iu</span> <span class='ocrx_word' id='word_1_10' title='bbox 188 305 290 341; x_wconf 86' lang='lat' dir='ltr'>nobis</span> <span class='ocrx_word' id='word_1_11' title='bbox 304 302 440 338; x_wconf 84' lang='lat' dir='ltr'>semina</span> <span class='ocrx_word' id='word_1_12' title='bbox 455 308 592 343; x_wconf 89' lang='lat' dir='ltr'>eorum,</span> <span class='ocrx_word' id='word_1_13' title='bbox 608 307 699 342; x_wconf 85' lang='lat' dir='ltr'>quae</span> <span class='ocrx_word' id='word_1_14' title='bbox 713 295 899 341; x_wconf 76' lang='lat' dir='ltr'>discimus,</span> <span class='ocrx_word' id='word_1_15' title='bbox 922 294 1022 330; x_wconf 88' lang='lat' dir='ltr'>ideae</span> <span class='ocrx_word' id='word_1_16' title='bbox 1038 306 1177 342; x_wconf 87' lang='lat' dir='ltr'>nempe,</span> 
     </span>
     <span class='ocr_line' id='line_1_4' title="bbox 133 355 1178 410; baseline -0.009 -12"><span class='ocrx_word' id='word_1_17' title='bbox 133 371 169 402; x_wconf 84' lang='lat' dir='ltr'>et</span> <span class='ocrx_word' id='word_1_18' title='bbox 188 374 278 410; x_wconf 81' lang='lat' dir='ltr'>quae</span> <span class='ocrx_word' id='word_1_19' title='bbox 300 360 382 395; x_wconf 88' lang='lat' dir='ltr'>inde</span> <span class='ocrx_word' id='word_1_20' title='bbox 402 360 604 402; x_wconf 86' lang='lat' dir='ltr'>nascuntur,</span> <span class='ocrx_word' id='word_1_21' title='bbox 625 358 792 390; x_wconf 73' lang='lat' dir='ltr'>aeternae</span> <span class='ocrx_word' id='word_1_22' title='bbox 813 355 997 389; x_wconf 82' lang='lat' dir='ltr'>veritates:</span> <span class='ocrx_word' id='word_1_23' title='bbox 1029 365 1093 390; x_wconf 86' lang='lat' dir='ltr'>nec</span> <span class='ocrx_word' id='word_1_24' title='bbox 1114 355 1178 389; x_wconf 87' lang='lat' dir='ltr'>mi-</span> 
     </span>
    </p>
   </div>
   <div class='ocr_carea' id='block_1_3' title="bbox 134 413 1204 467">
    <p class='ocr_par' dir='ltr' id='par_1_3' title="bbox 134 413 1204 467">
     <span class='ocr_line' id='line_1_5' title="bbox 134 413 1204 467; baseline -0.009 -9"><span class='ocrx_word' id='word_1_25' title='bbox 134 434 226 467; x_wconf 84' lang='lat' dir='ltr'>rum,</span> <span class='ocrx_word' id='word_1_26' title='bbox 252 430 362 466; x_wconf 88' lang='lat' dir='ltr'>quum</span> <span class='ocrx_word' id='word_1_27' title='bbox 389 428 484 463; x_wconf 84' lang='lat' dir='ltr'>ens,</span> <span class='ocrx_word' id='word_1_28' title='bbox 512 425 662 460; x_wconf 90' lang='lat' dir='ltr'>unum,</span> <span class='ocrx_word' id='word_1_29' title='bbox 694 413 992 459; x_wconf 81' lang='lat' dir='ltr'>subtantiam,</span> <span class='ocrx_word' id='word_1_30' title='bbox 1029 414 1204 465; x_wconf 28' lang='lat' dir='ltr'>actio-¹</span> 
     </span>
    </p>
   </div>
   <div class='ocr_carea' id='block_1_4' title="bbox 129 472 1180 1114">
    <p class='ocr_par' dir='ltr' id='par_1_4' title="bbox 129 472 1180 1114">
     <span class='ocr_line' id='line_1_6' title="bbox 133 472 1178 520; baseline -0.009 -4"><span class='ocrx_word' id='word_1_31' title='bbox 133 492 227 516; x_wconf 87' lang='lat' dir='ltr'>nem</span> <span class='ocrx_word' id='word_1_32' title='bbox 247 482 283 513; x_wconf 84' lang='lat' dir='ltr'>et</span> <span class='ocrx_word' id='word_1_33' title='bbox 303 477 436 512; x_wconf 83' lang='lat' dir='ltr'>similia</span> <span class='ocrx_word' id='word_1_34' title='bbox 457 474 681 510; x_wconf 84' lang='lat' dir='ltr'>inveniamus</span> <span class='ocrx_word' id='word_1_35' title='bbox 703 473 738 508; x_wconf 91' lang='lat' dir='ltr'>in</span> <span class='ocrx_word' id='word_1_36' title='bbox 760 473 878 520; x_wconf 88' lang='lat' dir='ltr'>nobis,</span> <span class='ocrx_word' id='word_1_37' title='bbox 904 476 939 508; x_wconf 89' lang='lat' dir='ltr'>et.</span> <span class='ocrx_word' id='word_1_38' title='bbox 958 472 1073 507; x_wconf 81' lang='lat' dir='ltr'>nostri</span> <span class='ocrx_word' id='word_1_39' title='bbox 1094 483 1178 507; x_wconf 90' lang='lat' dir='ltr'>con-</span> 
     </span>
     <span class='ocr_line' id='line_1_7' title="bbox 132 531 1178 583; baseline -0.009 -8"><span class='ocrx_word' id='word_1_40' title='bbox 132 540 196 575; x_wconf 87' lang='lat' dir='ltr'>scii</span> <span class='ocrx_word' id='word_1_41' title='bbox 215 539 357 583; x_wconf 89' lang='lat' dir='ltr'>scimus,</span> <span class='ocrx_word' id='word_1_42' title='bbox 381 536 478 571; x_wconf 81' lang='lat' dir='ltr'>ideas</span> <span class='ocrx_word' id='word_1_43' title='bbox 498 544 623 568; x_wconf 82' lang='lat' dir='ltr'>eorum</span> <span class='ocrx_word' id='word_1_44' title='bbox 644 532 680 567; x_wconf 84' lang='lat' dir='ltr'>in</span> <span class='ocrx_word' id='word_1_45' title='bbox 702 532 806 567; x_wconf 90' lang='lat' dir='ltr'>nobis</span> <span class='ocrx_word' id='word_1_46' title='bbox 827 542 915 569; x_wconf 87' lang='lat' dir='ltr'>esse.</span> <span class='ocrx_word' id='word_1_47' title='bbox 955 531 1074 575; x_wconf 75' lang='lat' dir='ltr'>Longe</span> <span class='ocrx_word' id='word_1_48' title='bbox 1094 542 1178 576; x_wconf 75' lang='lat' dir='ltr'>ergo</span> 
     </span>
     <span class='ocr_line' id='line_1_8' title="bbox 132 591 1180 646; baseline -0.008 -13"><span class='ocrx_word' id='word_1_49' title='bbox 132 595 383 646; x_wconf 73' lang='lat' dir='ltr'>praeferendae</span> <span class='ocrx_word' id='word_1_50' title='bbox 403 596 487 629; x_wconf 90' lang='lat' dir='ltr'>sunt</span> <span class='ocrx_word' id='word_1_51' title='bbox 508 591 717 628; x_wconf 78' lang='lat' dir='ltr'>Platonis</span> <span class='ocrx_word' id='word_1_52' title='bbox 738 591 896 626; x_wconf 85' lang='lat' dir='ltr'>Notitiae</span> <span class='ocrx_word' id='word_1_53' title='bbox 913 591 1068 638; x_wconf 89' lang='lat' dir='ltr'>innatae,</span> <span class='ocrx_word' id='word_1_54' title='bbox 1091 601 1180 637; x_wconf 87' lang='lat' dir='ltr'>quos</span> 
     </span>
     <span class='ocr_line' id='line_1_9' title="bbox 130 650 1180 696; baseline -0.009 -3"><span class='ocrx_word' id='word_1_55' title='bbox 130 654 416 693; x_wconf 72' lang='lat' dir='ltr'>reminiscentiae</span> <span class='ocrx_word' id='word_1_56' title='bbox 436 652 583 688; x_wconf 90' lang='lat' dir='ltr'>nomine</span> <span class='ocrx_word' id='word_1_57' title='bbox 604 650 753 696; x_wconf 84' lang='lat' dir='ltr'>velavit,</span> <span class='ocrx_word' id='word_1_58' title='bbox 785 650 927 685; x_wconf 88' lang='lat' dir='ltr'>tabulae</span> <span class='ocrx_word' id='word_1_59' title='bbox 956 661 1057 685; x_wconf 84' lang='lat' dir='ltr'>rasae</span> <span class='ocrx_word' id='word_1_60' title='bbox 1077 650 1180 684; x_wconf 90' lang='lat' dir='ltr'>Ari-</span> 
     </span>
     <span class='ocr_line' id='line_1_10' title="bbox 132 708 1178 756; baseline -0.009 -5"><span class='ocrx_word' id='word_1_61' title='bbox 132 715 318 751; x_wconf 77' lang='lat' dir='ltr'>stotelis</span> <span class='ocrx_word' id='word_1_62' title='bbox 349 717 385 749; x_wconf 88' lang='lat' dir='ltr'>et</span> <span class='ocrx_word' id='word_1_63' title='bbox 405 710 569 747; x_wconf 87' lang='lat' dir='ltr'>Lockii</span> <span class='ocrx_word' id='word_1_64' title='bbox 598 710 820 756; x_wconf 83' lang='lat' dir='ltr'>aliorumque</span> <span class='ocrx_word' id='word_1_65' title='bbox 840 709 1091 756; x_wconf 73' lang='lat' dir='ltr'>recentiorum,</span> <span class='ocrx_word' id='word_1_66' title='bbox 1119 708 1178 754; x_wconf 89' lang='lat' dir='ltr'>qui</span> 
     </span>
     <span class='ocr_line' id='line_1_11' title="bbox 132 769 1177 819; baseline -0.005 -12"><span class='ocrx_word' id='word_1_67' title='bbox 132 770 370 819; x_wconf 59' lang='grc' dir='ltr'>ἕξωτερικῶς</span> <span class='ocrx_word' id='word_1_68' title='bbox 408 769 715 819; x_wconf 78' lang='lat' dir='ltr'>philosophantur.</span> <span class='ocrx_word' id='word_1_69' title='bbox 775 769 902 815; x_wconf 89' lang='lat' dir='ltr'>Itaque</span> <span class='ocrx_word' id='word_1_70' title='bbox 938 769 1177 803; x_wconf 82' lang='lat' dir='ltr'>Platonem</span> 
     </span>
     <span class='ocr_line' id='line_1_12' title="bbox 131 827 1178 872; baseline -0.008 -3"><span class='ocrx_word' id='word_1_71' title='bbox 131 835 163 868; x_wconf 81' lang='lat' dir='ltr'>A</span> <span class='ocrx_word' id='word_1_72' title='bbox 175 834 210 868; x_wconf 91' lang='lat' dir='ltr'>ri</span> <span class='ocrx_word' id='word_1_73' title='bbox 220 836 289 868; x_wconf 89' lang='lat' dir='ltr'>sto</span> <span class='ocrx_word' id='word_1_74' title='bbox 301 835 342 866; x_wconf 84' lang='lat' dir='ltr'>te</span> <span class='ocrx_word' id='word_1_75' title='bbox 355 832 387 866; x_wconf 93' lang='lat' dir='ltr'>li</span> <span class='ocrx_word' id='word_1_76' title='bbox 403 835 438 866; x_wconf 86' lang='lat' dir='ltr'>et</span> <span class='ocrx_word' id='word_1_77' title='bbox 452 830 614 865; x_wconf 88' lang='lat' dir='ltr'>Dcmoc</span> <span class='ocrx_word' id='word_1_78' title='bbox 624 839 640 862; x_wconf 90' lang='lat' dir='ltr'>r</span> <span class='ocrx_word' id='word_1_79' title='bbox 652 828 661 862; x_wconf 92' lang='lat' dir='ltr'>i</span> <span class='ocrx_word' id='word_1_80' title='bbox 673 830 684 861; x_wconf 91' lang='lat' dir='ltr'>t</span> <span class='ocrx_word' id='word_1_81' title='bbox 695 839 717 862; x_wconf 93' lang='lat' dir='ltr'>o</span> <span class='ocrx_word' id='word_1_82' title='bbox 738 828 873 862; x_wconf 75' lang='lat' dir='ltr'>utiliter</span> <span class='ocrx_word' id='word_1_83' title='bbox 888 827 1178 872; x_wconf 75' lang='lat' dir='ltr'>conjungendum</span> 
     </span>
     <span class='ocr_line' id='line_1_13' title="bbox 129 886 1179 935; baseline -0.007 -8"><span class='ocrx_word' id='word_1_84' title='bbox 129 903 255 928; x_wconf 86' lang='lat' dir='ltr'>censeo</span> <span class='ocrx_word' id='word_1_85' title='bbox 290 891 334 926; x_wconf 84' lang='lat' dir='ltr'>ad</span> <span class='ocrx_word' id='word_1_86' title='bbox 369 893 464 925; x_wconf 87' lang='lat' dir='ltr'>recte</span> <span class='ocrx_word' id='word_1_87' title='bbox 503 886 837 935; x_wconf 79' lang='lat' dir='ltr'>philosophamhnn.</span> <span class='ocrx_word' id='word_1_88' title='bbox 889 886 957 921; x_wconf 88' lang='lat' dir='ltr'>Sed</span> <span class='ocrx_word' id='word_1_89' title='bbox 991 886 1179 921; x_wconf 89' lang='lat' dir='ltr'>nonnullas</span> 
     </span>
     <span class='ocr_line' id='line_1_14' title="bbox 129 938 1179 996; baseline -0.006 -12"><span class='ocrx_word' id='word_1_90' title='bbox 129 941 283 996; x_wconf 60' lang='grc' dir='ltr'>κυρίας</span> <span class='ocrx_word' id='word_1_91' title='bbox 313 938 438 990; x_wconf 64' lang='grc' dir='ltr'>δόξας</span> <span class='ocrx_word' id='word_1_92' title='bbox 458 949 495 983; x_wconf 90' lang='lat' dir='ltr'>in</span> <span class='ocrx_word' id='word_1_93' title='bbox 517 958 641 982; x_wconf 86' lang='lat' dir='ltr'>eorum</span> <span class='ocrx_word' id='word_1_94' title='bbox 662 956 877 991; x_wconf 78' lang='lat' dir='ltr'>unoquoque</span> <span class='ocrx_word' id='word_1_95' title='bbox 897 945 1053 992; x_wconf 59' lang='lat' dir='ltr'>expungi</span> <span class='ocrx_word' id='word_1_96' title='bbox 1073 956 1179 991; x_wconf 86' lang='lat' dir='ltr'>opor-</span> 
     </span>
     <span class='ocr_line' id='line_1_15' title="bbox 131 1003 1178 1051; baseline -0.008 -5"><span class='ocrx_word' id='word_1_97' title='bbox 131 1014 193 1046; x_wconf 88' lang='lat' dir='ltr'>tet.</span> <span class='ocrx_word' id='word_1_98' title='bbox 240 1010 321 1044; x_wconf 84' lang='lat' dir='ltr'>Non</span> <span class='ocrx_word' id='word_1_99' title='bbox 349 1009 442 1043; x_wconf 87' lang='lat' dir='ltr'>male</span> <span class='ocrx_word' id='word_1_100' title='bbox 471 1005 667 1042; x_wconf 77' lang='lat' dir='ltr'>Platonicis</span> <span class='ocrx_word' id='word_1_101' title='bbox 688 1007 841 1051; x_wconf 86' lang='lat' dir='ltr'>quatuor</span> <span class='ocrx_word' id='word_1_102' title='bbox 862 1005 897 1040; x_wconf 88' lang='lat' dir='ltr'>in</span> <span class='ocrx_word' id='word_1_103' title='bbox 919 1008 1039 1039; x_wconf 82' lang='lat' dir='ltr'>mente</span> <span class='ocrx_word' id='word_1_104' title='bbox 1059 1003 1178 1051; x_wconf 71' lang='lat' dir='ltr'>cogni-</span> 
     </span>
     <span class='ocr_line' id='line_1_16' title="bbox 132 1063 1177 1114; baseline -0.007 -10"><span class='ocrx_word' id='word_1_105' title='bbox 132 1071 246 1105; x_wconf 81' lang='lat' dir='ltr'>tiones</span> <span class='ocrx_word' id='word_1_106' title='bbox 267 1070 518 1114; x_wconf 70' lang='lat' dir='ltr'>agnoscuntur,</span> <span class='ocrx_word' id='word_1_107' title='bbox 541 1066 683 1110; x_wconf 79' lang='lat' dir='ltr'>Sensus,</span> <span class='ocrx_word' id='word_1_108' title='bbox 706 1064 851 1110; x_wconf 83' lang='lat' dir='ltr'>Opinio,</span> <span class='ocrx_word' id='word_1_109' title='bbox 881 1063 1046 1109; x_wconf 85' lang='lat' dir='ltr'>Scientia,</span> <span class='ocrx_word' id='word_1_110' title='bbox 1071 1063 1177 1097; x_wconf 85' lang='lat' dir='ltr'>Intel-</span> 
     </span>
    </p>
   </div>
   <div class='ocr_carea' id='block_1_5' title="bbox 131 1123 1205 1232">
    <p class='ocr_par' dir='ltr' id='par_1_5' title="bbox 131 1123 1205 1232">
     <span class='ocr_line' id='line_1_17' title="bbox 132 1123 1205 1174; baseline -0.007 -10"><span class='ocrx_word' id='word_1_111' title='bbox 132 1129 263 1174; x_wconf 72' lang='lat' dir='ltr'>lectus3</span> <span class='ocrx_word' id='word_1_112' title='bbox 293 1138 420 1173; x_wconf 82' lang='lat' dir='ltr'>nempe</span> <span class='ocrx_word' id='word_1_113' title='bbox 450 1125 719 1171; x_wconf 74' lang='lat' dir='ltr'>Experimenta,</span> <span class='ocrx_word' id='word_1_114' title='bbox 748 1123 992 1169; x_wconf 66' lang='lat' dir='ltr'>(Tonjecturac,</span> <span class='ocrx_word' id='word_1_115' title='bbox 1023 1123 1178 1157; x_wconf 86' lang='lat' dir='ltr'>Demon-</span> <span class='ocrx_word' id='word_1_116' title='bbox 1203 1133 1205 1140; x_wconf 72' lang='grc'>’</span> 
     </span>
     <span class='ocr_line' id='line_1_18' title="bbox 131 1182 1205 1232; baseline -0.008 -9"><span class='ocrx_word' id='word_1_117' title='bbox 131 1187 258 1223; x_wconf 86' lang='lat' dir='ltr'>stratio</span> <span class='ocrx_word' id='word_1_118' title='bbox 278 1189 312 1220; x_wconf 83' lang='lat' dir='ltr'>et</span> <span class='ocrx_word' id='word_1_119' title='bbox 334 1196 421 1232; x_wconf 89' lang='lat' dir='ltr'>pura</span> <span class='ocrx_word' id='word_1_120' title='bbox 441 1183 649 1229; x_wconf 86' lang='lat' dir='ltr'>Intellectio,</span> <span class='ocrx_word' id='word_1_121' title='bbox 672 1193 762 1228; x_wconf 87' lang='lat' dir='ltr'>quae</span> <span class='ocrx_word' id='word_1_122' title='bbox 779 1182 940 1217; x_wconf 85' lang='lat' dir='ltr'>veritatis</span> <span class='ocrx_word' id='word_1_123' title='bbox 957 1192 1090 1216; x_wconf 79' lang='lat' dir='ltr'>nexum</span> <span class='ocrx_word' id='word_1_124' title='bbox 1106 1192 1179 1216; x_wconf 91' lang='lat' dir='ltr'>uno</span> <span class='ocrx_word' id='word_1_125' title='bbox 1204 1208 1205 1214; x_wconf 69' lang='grc'>,</span> 
     </span>
    </p>
   </div>
   <div class='ocr_carea' id='block_1_6' title="bbox 131 1241 1178 1290">
    <p class='ocr_par' dir='ltr' id='par_1_6' title="bbox 131 1241 1178 1290">
     <span class='ocr_line' id='line_1_19' title="bbox 131 1241 1178 1290; baseline -0.006 -9"><span class='ocrx_word' id='word_1_126' title='bbox 131 1246 262 1282; x_wconf 85' lang='lat' dir='ltr'>mentis</span> <span class='ocrx_word' id='word_1_127' title='bbox 283 1246 353 1279; x_wconf 91' lang='lat' dir='ltr'>ictu</span> <span class='ocrx_word' id='word_1_128' title='bbox 382 1243 563 1290; x_wconf 74' lang='lat' dir='ltr'>perspicit:</span> <span class='ocrx_word' id='word_1_129' title='bbox 595 1242 691 1287; x_wconf 89' lang='lat' dir='ltr'>quod</span> <span class='ocrx_word' id='word_1_130' title='bbox 720 1242 797 1276; x_wconf 84' lang='lat' dir='ltr'>Deo</span> <span class='ocrx_word' id='word_1_131' title='bbox 827 1242 863 1276; x_wconf 91' lang='lat' dir='ltr'>in</span> <span class='ocrx_word' id='word_1_132' title='bbox 892 1241 1062 1275; x_wconf 83' lang='lat' dir='ltr'>onmibus</span> <span class='ocrx_word' id='word_1_133' title='bbox 1082 1251 1178 1275; x_wconf 86' lang='lat' dir='ltr'>com-</span> 
     </span>
    </p>
   </div>
   <div class='ocr_carea' id='block_1_7' title="bbox 1203 333 1205 352">
    <p class='ocr_par' dir='ltr' id='par_1_7' title="bbox 1203 333 1205 352">
     <span class='ocr_line' id='line_1_20' title="bbox 1203 333 1205 352; baseline 0 0"><span class='ocrx_word' id='word_1_134' title='bbox 1203 333 1205 352; x_wconf 65' lang='lat' dir='ltr'>t</span> 
     </span>
    </p>
   </div>
   <div class='ocr_carea' id='block_1_8' title="bbox 1203 232 1210 1275">
    <p class='ocr_par' dir='ltr' id='par_1_8' title="bbox 1203 232 1210 1275">
     <span class='ocr_line' id='line_1_21' title="bbox 1203 232 1210 1275; baseline 0 0"><span class='ocrx_word' id='word_1_135' title='bbox 1203 232 1210 1275; x_wconf 95' lang='lat' dir='ltr'> </span> 
     </span>
    </p>
   </div>
   <div class='ocr_carea' id='block_1_9' title="bbox 130 1300 2287 1406">
    <p class='ocr_par' dir='ltr' id='par_1_9' title="bbox 130 1300 2287 1406">
     <span class='ocr_line' id='line_1_22' title="bbox 130 1300 1209 1352; baseline -0.005 -12"><span class='ocrx_word' id='word_1_136' title='bbox 130 1306 230 1352; x_wconf 85' lang='lat' dir='ltr'>petit,</span> <span class='ocrx_word' id='word_1_137' title='bbox 263 1304 367 1338; x_wconf 85' lang='lat' dir='ltr'>nobis</span> <span class='ocrx_word' id='word_1_138' title='bbox 396 1305 535 1337; x_wconf 85' lang='lat' dir='ltr'>tantum</span> <span class='ocrx_word' id='word_1_139' title='bbox 564 1301 600 1336; x_wconf 92' lang='lat' dir='ltr'>in</span> <span class='ocrx_word' id='word_1_140' title='bbox 621 1300 843 1347; x_wconf 90' lang='lat' dir='ltr'>simplicibus</span> <span class='ocrx_word' id='word_1_141' title='bbox 863 1300 987 1335; x_wconf 85' lang='lat' dir='ltr'>datum</span> <span class='ocrx_word' id='word_1_142' title='bbox 1013 1303 1078 1334; x_wconf 81' lang='lat' dir='ltr'>est.</span> <span class='ocrx_word' id='word_1_143' title='bbox 1126 1300 1179 1335; x_wconf 80' lang='lat' dir='ltr'>Eo</span> <span class='ocrx_word' id='word_1_144' title='bbox 1208 1331 1209 1335; x_wconf 73' lang='grc'>,</span> 
     </span>
     <span class='ocr_line' id='line_1_23' title="bbox 1208 1356 2287 1406; baseline -0.005 -11"><span class='ocrx_word' id='word_1_145' title='bbox 1208 1393 1210 1396; x_wconf 78' lang='grc'>,</span> <span class='ocrx_word' id='word_1_146' title='bbox 1238 1359 1333 1406; x_wconf 71' lang='lat' dir='ltr'>litas,</span> <span class='ocrx_word' id='word_1_147' title='bbox 1354 1359 1471 1405; x_wconf 82' lang='lat' dir='ltr'>qualis</span> <span class='ocrx_word' id='word_1_148' title='bbox 1493 1370 1605 1405; x_wconf 82' lang='lat' dir='ltr'>nuper</span> <span class='ocrx_word' id='word_1_149' title='bbox 1625 1357 1851 1404; x_wconf 86' lang='lat' dir='ltr'>quorundam</span> <span class='ocrx_word' id='word_1_150' title='bbox 1877 1358 1994 1393; x_wconf 89' lang='lat' dir='ltr'>Deum</span> <span class='ocrx_word' id='word_1_151' title='bbox 2024 1357 2137 1393; x_wconf 85' lang='lat' dir='ltr'>amari</span> <span class='ocrx_word' id='word_1_152' title='bbox 2158 1356 2287 1400; x_wconf 87' lang='lat' dir='ltr'>juben-</span> 
     </span>
    </p>
   </div>
   <div class='ocr_carea' id='block_1_10' title="bbox 130 1360 1178 1408">
    <p class='ocr_par' dir='ltr' id='par_1_10' title="bbox 130 1360 1178 1408">
     <span class='ocr_line' id='line_1_24' title="bbox 130 1360 1178 1408; baseline -0.007 -8"><span class='ocrx_word' id='word_1_153' title='bbox 130 1369 250 1399; x_wconf 86' lang='lat' dir='ltr'>tamen</span> <span class='ocrx_word' id='word_1_154' title='bbox 273 1362 386 1408; x_wconf 70' lang='lat' dir='ltr'>magis</span> <span class='ocrx_word' id='word_1_155' title='bbox 407 1362 446 1396; x_wconf 91' lang='lat' dir='ltr'>in</span> <span class='ocrx_word' id='word_1_156' title='bbox 465 1360 745 1396; x_wconf 83' lang='lat' dir='ltr'>demonstrando</span> <span class='ocrx_word' id='word_1_157' title='bbox 767 1360 810 1395; x_wconf 88' lang='lat' dir='ltr'>ad</span> <span class='ocrx_word' id='word_1_158' title='bbox 828 1360 1100 1405; x_wconf 59' lang='lat' dir='ltr'>intelligmulum</span> <span class='ocrx_word' id='word_1_159' title='bbox 1122 1370 1178 1394; x_wconf 88' lang='lat' dir='ltr'>ac—</span> 
     </span>
    </p>
   </div>
   <div class='ocr_carea' id='block_1_11' title="bbox 130 1419 1210 1469">
    <p class='ocr_par' dir='ltr' id='par_1_11' title="bbox 130 1419 1210 1469">
     <span class='ocr_line' id='line_1_25' title="bbox 130 1419 1210 1469; baseline -0.006 -11"><span class='ocrx_word' id='word_1_160' title='bbox 130 1423 299 1469; x_wconf 80' lang='lat' dir='ltr'>eedimuS,</span> <span class='ocrx_word' id='word_1_161' title='bbox 327 1432 397 1467; x_wconf 90' lang='lat' dir='ltr'>quo</span> <span class='ocrx_word' id='word_1_162' title='bbox 424 1421 528 1467; x_wconf 89' lang='lat' dir='ltr'>plura</span> <span class='ocrx_word' id='word_1_163' title='bbox 557 1420 723 1454; x_wconf 81' lang='lat' dir='ltr'>breviore</span> <span class='ocrx_word' id='word_1_164' title='bbox 746 1423 906 1464; x_wconf 79' lang='lat' dir='ltr'>tempore</span> <span class='ocrx_word' id='word_1_165' title='bbox 933 1419 1177 1465; x_wconf 72' lang='lat' dir='ltr'>perspicimus.</span> <span class='ocrx_word' id='word_1_166' title='bbox 1209 1450 1210 1453; x_wconf 75' lang='grc'>,</span> 
     </span>
    </p>
   </div>
   <div class='ocr_carea' id='block_1_12' title="bbox 129 1477 1182 2057">
    <p class='ocr_par' dir='ltr' id='par_1_12' title="bbox 129 1477 1182 2057">
     <span class='ocr_line' id='line_1_26' title="bbox 129 1477 1179 1525; baseline -0.007 -7"><span class='ocrx_word' id='word_1_167' title='bbox 129 1483 287 1518; x_wconf 85' lang='lat' dir='ltr'>Mentem</span> <span class='ocrx_word' id='word_1_168' title='bbox 309 1482 480 1525; x_wconf 86' lang='lat' dir='ltr'>nostram,</span> <span class='ocrx_word' id='word_1_169' title='bbox 508 1479 574 1514; x_wconf 91' lang='lat' dir='ltr'>etsi</span> <span class='ocrx_word' id='word_1_170' title='bbox 595 1489 616 1513; x_wconf 86' lang='lat' dir='ltr'>a</span> <span class='ocrx_word' id='word_1_171' title='bbox 638 1480 715 1513; x_wconf 83' lang='lat' dir='ltr'>Deo</span> <span class='ocrx_word' id='word_1_172' title='bbox 744 1478 913 1513; x_wconf 88' lang='lat' dir='ltr'>continue</span> <span class='ocrx_word' id='word_1_173' title='bbox 934 1478 969 1511; x_wconf 89' lang='lat' dir='ltr'>in</span> <span class='ocrx_word' id='word_1_174' title='bbox 992 1477 1179 1512; x_wconf 75' lang='lat' dir='ltr'>existendo</span> 
     </span>
     <span class='ocr_line' id='line_1_27' title="bbox 129 1538 1180 1587; baseline -0.008 -10"><span class='ocrx_word' id='word_1_175' title='bbox 129 1541 339 1587; x_wconf 68' lang='lat' dir='ltr'>agendoque</span> <span class='ocrx_word' id='word_1_176' title='bbox 363 1538 574 1586; x_wconf 82' lang='lat' dir='ltr'>dependeat,</span> <span class='ocrx_word' id='word_1_177' title='bbox 602 1541 642 1572; x_wconf 92' lang='lat' dir='ltr'>ut</span> <span class='ocrx_word' id='word_1_178' title='bbox 672 1538 789 1572; x_wconf 72' lang='lat' dir='ltr'>omnis</span> <span class='ocrx_word' id='word_1_179' title='bbox 810 1540 984 1581; x_wconf 81' lang='lat' dir='ltr'>creatura,</span> <span class='ocrx_word' id='word_1_180' title='bbox 1014 1539 1100 1583; x_wconf 87' lang='lat' dir='ltr'>puto</span> <span class='ocrx_word' id='word_1_181' title='bbox 1129 1539 1180 1570; x_wconf 83' lang='lat' dir='ltr'>ta-</span> 
     </span>
     <span class='ocr_line' id='line_1_28' title="bbox 129 1594 1180 1643; baseline -0.008 -8"><span class='ocrx_word' id='word_1_182' title='bbox 129 1611 213 1636; x_wconf 87' lang='lat' dir='ltr'>men</span> <span class='ocrx_word' id='word_1_183' title='bbox 242 1610 313 1634; x_wconf 89' lang='lat' dir='ltr'>non</span> <span class='ocrx_word' id='word_1_184' title='bbox 340 1598 498 1641; x_wconf 59' lang='lat' dir='ltr'>indigere</span> <span class='ocrx_word' id='word_1_185' title='bbox 526 1596 696 1643; x_wconf 82' lang='lat' dir='ltr'>peculiari</span> <span class='ocrx_word' id='word_1_186' title='bbox 725 1596 801 1639; x_wconf 83' lang='lat' dir='ltr'>ejus</span> <span class='ocrx_word' id='word_1_187' title='bbox 828 1605 1012 1641; x_wconf 69' lang='lat' dir='ltr'>concursu,</span> <span class='ocrx_word' id='word_1_188' title='bbox 1043 1594 1180 1635; x_wconf 57' lang='lat' dir='ltr'>les-*ibus</span> 
     </span>
     <span class='ocr_line' id='line_1_29' title="bbox 129 1652 1180 1704; baseline -0.009 -9"><span class='ocrx_word' id='word_1_189' title='bbox 129 1664 279 1695; x_wconf 88' lang='lat' dir='ltr'>naturae</span> <span class='ocrx_word' id='word_1_190' title='bbox 298 1657 539 1704; x_wconf 87' lang='lat' dir='ltr'>superaddito,</span> <span class='ocrx_word' id='word_1_191' title='bbox 561 1655 605 1690; x_wconf 90' lang='lat' dir='ltr'>ad</span> <span class='ocrx_word' id='word_1_192' title='bbox 627 1655 869 1701; x_wconf 85' lang='lat' dir='ltr'>perceptiones</span> <span class='ocrx_word' id='word_1_193' title='bbox 890 1664 989 1699; x_wconf 73' lang='lat' dir='ltr'>suas,</span> <span class='ocrx_word' id='word_1_194' title='bbox 1011 1653 1071 1687; x_wconf 88' lang='lat' dir='ltr'>sed</span> <span class='ocrx_word' id='word_1_195' title='bbox 1087 1652 1180 1698; x_wconf 69' lang='lat' dir='ltr'>cogi-</span> 
     </span>
     <span class='ocr_line' id='line_1_30' title="bbox 130 1711 1179 1763; baseline -0.008 -10"><span class='ocrx_word' id='word_1_196' title='bbox 130 1718 283 1754; x_wconf 86' lang='lat' dir='ltr'>tationes</span> <span class='ocrx_word' id='word_1_197' title='bbox 304 1716 518 1763; x_wconf 82' lang='lat' dir='ltr'>posteriores</span> <span class='ocrx_word' id='word_1_198' title='bbox 540 1725 586 1749; x_wconf 84' lang='lat' dir='ltr'>ex</span> <span class='ocrx_word' id='word_1_199' title='bbox 606 1713 788 1760; x_wconf 82' lang='lat' dir='ltr'>prioribus</span> <span class='ocrx_word' id='word_1_200' title='bbox 810 1713 916 1747; x_wconf 78' lang='lat' dir='ltr'>insita</span> <span class='ocrx_word' id='word_1_201' title='bbox 937 1712 972 1746; x_wconf 72' lang='lat' dir='ltr'>vi</span> <span class='ocrx_word' id='word_1_202' title='bbox 996 1711 1179 1757; x_wconf 78' lang='lat' dir='ltr'>deducere,</span> 
     </span>
     <span class='ocr_line' id='line_1_31' title="bbox 130 1771 1179 1822; baseline -0.008 -10"><span class='ocrx_word' id='word_1_203' title='bbox 130 1777 326 1822; x_wconf 79' lang='lat' dir='ltr'>ordineque</span> <span class='ocrx_word' id='word_1_204' title='bbox 347 1786 368 1810; x_wconf 89' lang='lat' dir='ltr'>a</span> <span class='ocrx_word' id='word_1_205' title='bbox 389 1775 465 1809; x_wconf 89' lang='lat' dir='ltr'>Deo</span> <span class='ocrx_word' id='word_1_206' title='bbox 495 1773 731 1820; x_wconf 86' lang='lat' dir='ltr'>praescripto,</span> <span class='ocrx_word' id='word_1_207' title='bbox 768 1775 808 1806; x_wconf 89' lang='lat' dir='ltr'>ut</span> <span class='ocrx_word' id='word_1_208' title='bbox 842 1775 933 1806; x_wconf 84' lang='lat' dir='ltr'>recte</span> <span class='ocrx_word' id='word_1_209' title='bbox 969 1771 1179 1816; x_wconf 81' lang='lat' dir='ltr'>RocliuS,</span> 
     </span>
     <span class='ocr_line' id='line_1_32' title="bbox 130 1830 1180 1882; baseline -0.007 -12"><span class='ocrx_word' id='word_1_210' title='bbox 130 1846 237 1882; x_wconf 87' lang='lat' dir='ltr'>quem</span> <span class='ocrx_word' id='word_1_211' title='bbox 256 1834 357 1870; x_wconf 89' lang='lat' dir='ltr'>citas.</span> <span class='ocrx_word' id='word_1_212' title='bbox 418 1833 522 1874; x_wconf 83' lang='lat' dir='ltr'>Quod</span> <span class='ocrx_word' id='word_1_213' title='bbox 549 1843 615 1878; x_wconf 72' lang='lat' dir='ltr'>ego</span> <span class='ocrx_word' id='word_1_214' title='bbox 636 1831 745 1866; x_wconf 88' lang='lat' dir='ltr'>etiam</span> <span class='ocrx_word' id='word_1_215' title='bbox 766 1830 811 1865; x_wconf 88' lang='lat' dir='ltr'>ad</span> <span class='ocrx_word' id='word_1_216' title='bbox 840 1830 1081 1877; x_wconf 77' lang='lat' dir='ltr'>perceptiones</span> <span class='ocrx_word' id='word_1_217' title='bbox 1102 1840 1180 1864; x_wconf 88' lang='lat' dir='ltr'>scn-</span> 
     </span>
     <span class='ocr_line' id='line_1_33' title="bbox 131 1889 1180 1932; baseline -0.007 -4"><span class='ocrx_word' id='word_1_218' title='bbox 131 1894 290 1929; x_wconf 88' lang='lat' dir='ltr'>sibilium</span> <span class='ocrx_word' id='word_1_219' title='bbox 320 1892 486 1927; x_wconf 72' lang='lat' dir='ltr'>extendo,</span> <span class='ocrx_word' id='word_1_220' title='bbox 546 1892 665 1932; x_wconf 78' lang='lat' dir='ltr'>Quum</span> <span class='ocrx_word' id='word_1_221' title='bbox 694 1890 790 1925; x_wconf 85' lang='lat' dir='ltr'>enim</span> <span class='ocrx_word' id='word_1_222' title='bbox 817 1900 881 1924; x_wconf 87' lang='lat' dir='ltr'>nec</span> <span class='ocrx_word' id='word_1_223' title='bbox 908 1899 929 1923; x_wconf 89' lang='lat' dir='ltr'>a</span> <span class='ocrx_word' id='word_1_224' title='bbox 957 1889 1034 1924; x_wconf 87' lang='lat' dir='ltr'>Deo</span> <span class='ocrx_word' id='word_1_225' title='bbox 1063 1889 1180 1922; x_wconf 85' lang='lat' dir='ltr'>infun-</span> 
     </span>
     <span class='ocr_line' id='line_1_34' title="bbox 131 1946 1182 1996; baseline -0.008 -8"><span class='ocrx_word' id='word_1_226' title='bbox 131 1953 262 1989; x_wconf 87' lang='lat' dir='ltr'>dantur</span> <span class='ocrx_word' id='word_1_227' title='bbox 290 1951 518 1996; x_wconf 83' lang='lat' dir='ltr'>miraculose,</span> <span class='ocrx_word' id='word_1_228' title='bbox 554 1961 616 1985; x_wconf 88' lang='lat' dir='ltr'>nec</span> <span class='ocrx_word' id='word_1_229' title='bbox 644 1960 665 1984; x_wconf 87' lang='lat' dir='ltr'>a</span> <span class='ocrx_word' id='word_1_230' title='bbox 692 1960 841 1995; x_wconf 89' lang='lat' dir='ltr'>corpore</span> <span class='ocrx_word' id='word_1_231' title='bbox 870 1948 1015 1982; x_wconf 88' lang='lat' dir='ltr'>immitti</span> <span class='ocrx_word' id='word_1_232' title='bbox 1045 1946 1182 1993; x_wconf 83' lang='lat' dir='ltr'>possint</span> 
     </span>
     <span class='ocr_line' id='line_1_35' title="bbox 130 2006 1178 2057; baseline -0.009 -9"><span class='ocrx_word' id='word_1_233' title='bbox 130 2011 353 2057; x_wconf 83' lang='lat' dir='ltr'>naturaliter,</span> <span class='ocrx_word' id='word_1_234' title='bbox 388 2020 606 2055; x_wconf 88' lang='lat' dir='ltr'>consequens</span> <span class='ocrx_word' id='word_1_235' title='bbox 641 2010 713 2053; x_wconf 81' lang='lat' dir='ltr'>est,</span> <span class='ocrx_word' id='word_1_236' title='bbox 755 2011 793 2042; x_wconf 89' lang='lat' dir='ltr'>ut</span> <span class='ocrx_word' id='word_1_237' title='bbox 829 2018 891 2053; x_wconf 82' lang='lat' dir='ltr'>per</span> <span class='ocrx_word' id='word_1_238' title='bbox 927 2006 1178 2051; x_wconf 83' lang='lat' dir='ltr'>Harmoniam,</span> 
     </span>
    </p>
   </div>
   <div class='ocr_carea' id='block_1_13' title="bbox 128 2064 1211 2236">
    <p class='ocr_par' dir='ltr' id='par_1_13' title="bbox 128 2064 1211 2236">
     <span class='ocr_line' id='line_1_36' title="bbox 130 2064 1211 2115; baseline -0.007 -10"><span class='ocrx_word' id='word_1_239' title='bbox 130 2070 236 2106; x_wconf 84' lang='lat' dir='ltr'>initio</span> <span class='ocrx_word' id='word_1_240' title='bbox 256 2069 428 2105; x_wconf 88' lang='lat' dir='ltr'>divinitus</span> <span class='ocrx_word' id='word_1_241' title='bbox 448 2067 744 2115; x_wconf 85' lang='lat' dir='ltr'>praestabilitam,</span> <span class='ocrx_word' id='word_1_242' title='bbox 774 2066 813 2100; x_wconf 88' lang='lat' dir='ltr'>in</span> <span class='ocrx_word' id='word_1_243' title='bbox 840 2065 962 2100; x_wconf 85' lang='lat' dir='ltr'>anima</span> <span class='ocrx_word' id='word_1_244' title='bbox 982 2068 1077 2100; x_wconf 88' lang='lat' dir='ltr'>certa</span> <span class='ocrx_word' id='word_1_245' title='bbox 1106 2064 1181 2109; x_wconf 78' lang='lat' dir='ltr'>lege</span> <span class='ocrx_word' id='word_1_246' title='bbox 1210 2081 1211 2107; x_wconf 70' lang='lat'>1</span> 
     </span>
     <span class='ocr_line' id='line_1_37' title="bbox 128 2123 1211 2174; baseline -0.007 -9"><span class='ocrx_word' id='word_1_247' title='bbox 128 2132 328 2165; x_wconf 85' lang='lat' dir='ltr'>nascantur.</span> <span class='ocrx_word' id='word_1_248' title='bbox 369 2128 410 2163; x_wconf 90' lang='lat' dir='ltr'>ld</span> <span class='ocrx_word' id='word_1_249' title='bbox 437 2126 703 2174; x_wconf 88' lang='lat' dir='ltr'>sapientissimo</span> <span class='ocrx_word' id='word_1_250' title='bbox 731 2127 875 2160; x_wconf 79' lang='lat' dir='ltr'>auctore.</span> <span class='ocrx_word' id='word_1_251' title='bbox 896 2123 1049 2170; x_wconf 77' lang='lat' dir='ltr'>dignius,</span> <span class='ocrx_word' id='word_1_252' title='bbox 1072 2133 1180 2169; x_wconf 88' lang='lat' dir='ltr'>quam</span> <span class='ocrx_word' id='word_1_253' title='bbox 1210 2135 1211 2152; x_wconf 57' lang='grc' dir='ltr'>ι</span> 
     </span>
     <span class='ocr_line' id='line_1_38' title="bbox 128 2182 1211 2236; baseline -0.006 -13"><span class='ocrx_word' id='word_1_254' title='bbox 128 2189 302 2236; x_wconf 87' lang='lat' dir='ltr'>perpetuo</span> <span class='ocrx_word' id='word_1_255' title='bbox 328 2187 434 2233; x_wconf 76' lang='lat' dir='ltr'>leges,</span> <span class='ocrx_word' id='word_1_256' title='bbox 462 2185 604 2232; x_wconf 89' lang='lat' dir='ltr'>corpori</span> <span class='ocrx_word' id='word_1_257' title='bbox 626 2185 813 2220; x_wconf 84' lang='lat' dir='ltr'>animaeve</span> <span class='ocrx_word' id='word_1_258' title='bbox 840 2184 962 2229; x_wconf 78' lang='lat' dir='ltr'>dataS,</span> <span class='ocrx_word' id='word_1_259' title='bbox 992 2182 1095 2218; x_wconf 72' lang='lat' dir='ltr'>novis</span> <span class='ocrx_word' id='word_1_260' title='bbox 1115 2182 1181 2217; x_wconf 87' lang='lat' dir='ltr'>im·</span> <span class='ocrx_word' id='word_1_261' title='bbox 1209 2190 1211 2226; x_wconf 67' lang='lat' dir='ltr'>g</span> 
     </span>
    </p>
   </div>
   <div class='ocr_carea' id='block_1_14' title="bbox 127 2241 1181 2353">
    <p class='ocr_par' dir='ltr' id='par_1_14' title="bbox 127 2241 1181 2353">
     <span class='ocr_line' id='line_1_39' title="bbox 127 2241 1181 2294; baseline -0.007 -12"><span class='ocrx_word' id='word_1_262' title='bbox 127 2247 373 2294; x_wconf 82' lang='lat' dir='ltr'>pressionibus</span> <span class='ocrx_word' id='word_1_263' title='bbox 402 2245 545 2281; x_wconf 83' lang='lat' dir='ltr'>violare.</span> <span class='ocrx_word' id='word_1_264' title='bbox 597 2244 745 2279; x_wconf 89' lang='lat' dir='ltr'>Interim</span> <span class='ocrx_word' id='word_1_265' title='bbox 775 2243 822 2277; x_wconf 87' lang='lat' dir='ltr'>ob</span> <span class='ocrx_word' id='word_1_266' title='bbox 851 2253 1063 2278; x_wconf 88' lang='lat' dir='ltr'>concursum</span> <span class='ocrx_word' id='word_1_267' title='bbox 1091 2241 1181 2276; x_wconf 75' lang='lat' dir='ltr'>divi-</span> 
     </span>
     <span class='ocr_line' id='line_1_40' title="bbox 129 2301 1181 2353; baseline -0.007 -12"><span class='ocrx_word' id='word_1_268' title='bbox 129 2316 230 2353; x_wconf 88' lang='lat' dir='ltr'>num,</span> <span class='ocrx_word' id='word_1_269' title='bbox 258 2305 318 2351; x_wconf 89' lang='lat' dir='ltr'>qui</span> <span class='ocrx_word' id='word_1_270' title='bbox 345 2305 471 2352; x_wconf 85' lang='lat' dir='ltr'>cuique</span> <span class='ocrx_word' id='word_1_271' title='bbox 499 2306 683 2339; x_wconf 85' lang='lat' dir='ltr'>creaturae</span> <span class='ocrx_word' id='word_1_272' title='bbox 711 2303 881 2337; x_wconf 87' lang='lat' dir='ltr'>continuo</span> <span class='ocrx_word' id='word_1_273' title='bbox 910 2301 1048 2346; x_wconf 81' lang='lat' dir='ltr'>tribuit,</span> <span class='ocrx_word' id='word_1_274' title='bbox 1079 2301 1181 2346; x_wconf 93' lang='lat' dir='ltr'>quid-</span> 
     </span>
    </p>
   </div>
   <div class='ocr_carea' id='block_1_15' title="bbox 128 2358 1210 2410">
    <p class='ocr_par' dir='ltr' id='par_1_15' title="bbox 128 2358 1210 2410">
     <span class='ocr_line' id='line_1_41' title="bbox 128 2358 1210 2410; baseline -0.006 -11"><span class='ocrx_word' id='word_1_275' title='bbox 128 2364 216 2410; x_wconf 90' lang='lat' dir='ltr'>quid</span> <span class='ocrx_word' id='word_1_276' title='bbox 237 2364 273 2399; x_wconf 89' lang='lat' dir='ltr'>in</span> <span class='ocrx_word' id='word_1_277' title='bbox 294 2375 336 2399; x_wconf 89' lang='lat' dir='ltr'>ea</span> <span class='ocrx_word' id='word_1_278' title='bbox 351 2368 403 2398; x_wconf 88' lang='lat' dir='ltr'>cst</span> <span class='ocrx_word' id='word_1_279' title='bbox 418 2362 656 2410; x_wconf 85' lang='lat' dir='ltr'>perfectionis,</span> <span class='ocrx_word' id='word_1_280' title='bbox 679 2363 797 2408; x_wconf 85' lang='lat' dir='ltr'>potest</span> <span class='ocrx_word' id='word_1_281' title='bbox 813 2360 881 2395; x_wconf 89' lang='lat' dir='ltr'>dici</span> <span class='ocrx_word' id='word_1_282' title='bbox 902 2358 1083 2403; x_wconf 80' lang='lat' dir='ltr'>objectum</span> <span class='ocrx_word' id='word_1_283' title='bbox 1105 2359 1181 2393; x_wconf 87' lang='lat' dir='ltr'>ani-</span> <span class='ocrx_word' id='word_1_284' title='bbox 1209 2381 1210 2386; x_wconf 65' lang='lat'>,</span> 
     </span>
    </p>
   </div>
   <div class='ocr_carea' id='block_1_16' title="bbox 130 2418 1182 2528">
    <p class='ocr_par' dir='ltr' id='par_1_16' title="bbox 130 2418 1182 2528">
     <span class='ocr_line' id='line_1_42' title="bbox 130 2418 1180 2465; baseline -0.006 -7"><span class='ocrx_word' id='word_1_285' title='bbox 130 2432 212 2458; x_wconf 87' lang='lat' dir='ltr'>mae</span> <span class='ocrx_word' id='word_1_286' title='bbox 231 2426 419 2458; x_wconf 84' lang='lat' dir='ltr'>externum</span> <span class='ocrx_word' id='word_1_287' title='bbox 435 2433 511 2457; x_wconf 89' lang='lat' dir='ltr'>esse</span> <span class='ocrx_word' id='word_1_288' title='bbox 527 2421 643 2456; x_wconf 90' lang='lat' dir='ltr'>solum</span> <span class='ocrx_word' id='word_1_289' title='bbox 661 2420 788 2465; x_wconf 88' lang='lat' dir='ltr'>Deum,</span> <span class='ocrx_word' id='word_1_290' title='bbox 810 2429 923 2464; x_wconf 84' lang='lat' dir='ltr'>coque</span> <span class='ocrx_word' id='word_1_291' title='bbox 944 2429 1047 2453; x_wconf 85' lang='lat' dir='ltr'>sensu</span> <span class='ocrx_word' id='word_1_292' title='bbox 1064 2418 1180 2452; x_wconf 85' lang='lat' dir='ltr'>Deum</span> 
     </span>
     <span class='ocr_line' id='line_1_43' title="bbox 130 2476 1182 2528; baseline -0.006 -12"><span class='ocrx_word' id='word_1_293' title='bbox 130 2492 208 2516; x_wconf 86' lang='lat' dir='ltr'>esse</span> <span class='ocrx_word' id='word_1_294' title='bbox 227 2481 272 2516; x_wconf 91' lang='lat' dir='ltr'>ad</span> <span class='ocrx_word' id='word_1_295' title='bbox 294 2485 459 2528; x_wconf 85' lang='lat' dir='ltr'>mentem,</span> <span class='ocrx_word' id='word_1_296' title='bbox 483 2484 523 2516; x_wconf 92' lang='lat' dir='ltr'>ut</span> <span class='ocrx_word' id='word_1_297' title='bbox 542 2480 606 2515; x_wconf 81' lang='lat' dir='ltr'>lux</span> <span class='ocrx_word' id='word_1_298' title='bbox 629 2478 674 2514; x_wconf 90' lang='lat' dir='ltr'>ad</span> <span class='ocrx_word' id='word_1_299' title='bbox 696 2478 850 2514; x_wconf 88' lang='lat' dir='ltr'>oculum.</span> <span class='ocrx_word' id='word_1_300' title='bbox 911 2477 1007 2511; x_wconf 86' lang='lat' dir='ltr'>Haec</span> <span class='ocrx_word' id='word_1_301' title='bbox 1036 2480 1091 2511; x_wconf 80' lang='lat' dir='ltr'>est</span> <span class='ocrx_word' id='word_1_302' title='bbox 1119 2476 1182 2511; x_wconf 89' lang='lat' dir='ltr'>illa</span> 
     </span>
    </p>
   </div>
   <div class='ocr_carea' id='block_1_17' title="bbox 131 2535 2289 2746">
    <p class='ocr_par' dir='ltr' id='par_1_17' title="bbox 131 2535 2289 2750">
     <span class='ocr_line' id='line_1_44' title="bbox 131 2535 1210 2590; baseline -0.005 -16"><span class='ocrx_word' id='word_1_303' title='bbox 131 2539 253 2574; x_wconf 85' lang='lat' dir='ltr'>divina</span> <span class='ocrx_word' id='word_1_304' title='bbox 273 2539 309 2575; x_wconf 90' lang='lat' dir='ltr'>in</span> <span class='ocrx_word' id='word_1_305' title='bbox 330 2540 434 2575; x_wconf 87' lang='lat' dir='ltr'>nobis</span> <span class='ocrx_word' id='word_1_306' title='bbox 455 2540 613 2574; x_wconf 86' lang='lat' dir='ltr'>relucens</span> <span class='ocrx_word' id='word_1_307' title='bbox 634 2538 788 2583; x_wconf 84' lang='lat' dir='ltr'>Veritas,</span> <span class='ocrx_word' id='word_1_308' title='bbox 811 2537 854 2572; x_wconf 87' lang='lat' dir='ltr'>de</span> <span class='ocrx_word' id='word_1_309' title='bbox 875 2546 947 2582; x_wconf 86' lang='lat' dir='ltr'>qua</span> <span class='ocrx_word' id='word_1_310' title='bbox 969 2535 1074 2570; x_wconf 86' lang='lat' dir='ltr'>toties</span> <span class='ocrx_word' id='word_1_311' title='bbox 1096 2536 1181 2570; x_wconf 89' lang='lat' dir='ltr'>Au·</span> <span class='ocrx_word' id='word_1_312' title='bbox 1208 2552 1210 2590; x_wconf 41' lang='lat'>3</span> 
     </span>
     <span class='ocr_line' id='line_1_45' title="bbox 1209 2591 2286 2639; baseline -0.001 -11"><span class='ocrx_word' id='word_1_313' title='bbox 1209 2603 1210 2606; x_wconf 74' lang='grc'>’</span> <span class='ocrx_word' id='word_1_314' title='bbox 1237 2593 1412 2637; x_wconf 77' lang='lat' dir='ltr'>gustini</span> <span class='ocrx_word' id='word_1_315' title='bbox 1433 2592 1493 2638; x_wconf 90' lang='lat' dir='ltr'>qui</span> <span class='ocrx_word' id='word_1_316' title='bbox 1516 2592 1656 2638; x_wconf 73' lang='lat' dir='ltr'>egregie</span> <span class='ocrx_word' id='word_1_317' title='bbox 1677 2592 1844 2638; x_wconf 84' lang='lat' dir='ltr'>ostendit,</span> <span class='ocrx_word' id='word_1_318' title='bbox 1868 2591 1985 2627; x_wconf 87' lang='lat' dir='ltr'>bonos</span> <span class='ocrx_word' id='word_1_319' title='bbox 2007 2593 2074 2626; x_wconf 89' lang='lat' dir='ltr'>frui</span> <span class='ocrx_word' id='word_1_320' title='bbox 2091 2591 2168 2626; x_wconf 90' lang='lat' dir='ltr'>Deo</span> <span class='ocrx_word' id='word_1_321' title='bbox 2186 2593 2286 2639; x_wconf 86' lang='lat' dir='ltr'>velle,</span> 
     </span>
     <span class='ocr_line' id='line_1_46' title="bbox 1208 2650 2289 2703; baseline -0.002 -17"><span class='ocrx_word' id='word_1_322' title='bbox 1208 2651 1210 2703; x_wconf 57' lang='lat' dir='ltr'>t</span> <span class='ocrx_word' id='word_1_323' title='bbox 1238 2652 1352 2687; x_wconf 89' lang='lat' dir='ltr'>malos</span> <span class='ocrx_word' id='word_1_324' title='bbox 1374 2651 1439 2698; x_wconf 86' lang='lat' dir='ltr'>uti,</span> <span class='ocrx_word' id='word_1_325' title='bbox 1463 2655 1497 2686; x_wconf 93' lang='lat' dir='ltr'>et</span> <span class='ocrx_word' id='word_1_326' title='bbox 1518 2651 1659 2698; x_wconf 86' lang='lat' dir='ltr'>probat,</span> <span class='ocrx_word' id='word_1_327' title='bbox 1681 2650 1776 2696; x_wconf 88' lang='lat' dir='ltr'>quod</span> <span class='ocrx_word' id='word_1_328' title='bbox 1792 2650 1969 2685; x_wconf 83' lang='lat' dir='ltr'>Platonici</span> <span class='ocrx_word' id='word_1_329' title='bbox 1992 2650 2172 2696; x_wconf 79' lang='lat' dir='ltr'>volebant,</span> <span class='ocrx_word' id='word_1_330' title='bbox 2193 2660 2289 2686; x_wconf 89' lang='lat' dir='ltr'>com-</span> 
     </span>
     <span class='ocr_line' id='line_1_47' title="bbox 1239 2709 2287 2746; baseline -0.004 -0.111"><span class='ocrx_word' id='word_1_331' title='bbox 1239 2711 1477 2746; x_wconf 72' lang='lat' dir='ltr'>mutationem</span> <span class='ocrx_word' id='word_1_332' title='bbox 1498 2710 1644 2745; x_wconf 85' lang='lat' dir='ltr'>Amoris</span> <span class='ocrx_word' id='word_1_333' title='bbox 1661 2710 1774 2744; x_wconf 78' lang='lat' dir='ltr'>divini</span> <span class='ocrx_word' id='word_1_334' title='bbox 1790 2721 1871 2744; x_wconf 90' lang='lat' dir='ltr'>cum</span> <span class='ocrx_word' id='word_1_335' title='bbox 1885 2709 2018 2745; x_wconf 83' lang='lat' dir='ltr'>caduco</span> <span class='ocrx_word' id='word_1_336' title='bbox 2033 2720 2111 2744; x_wconf 86' lang='lat' dir='ltr'>csse</span> <span class='ocrx_word' id='word_1_337' title='bbox 2126 2718 2287 2744; x_wconf 86' lang='lat' dir='ltr'>caussam</span> 
     </span>
    </p>
   </div>
   <div class='ocr_carea' id='block_1_18' title="bbox 132 2593 1178 2692">
    <p class='ocr_par' dir='ltr' id='par_1_18' title="bbox 132 2593 1178 2692">
     <span class='ocr_line' id='line_1_48' title="bbox 132 2593 1178 2645; baseline -0.004 -13"><span class='ocrx_word' id='word_1_338' title='bbox 132 2598 361 2644; x_wconf 73' lang='lat' dir='ltr'>gustinUS,</span> <span class='ocrx_word' id='word_1_339' title='bbox 404 2609 553 2645; x_wconf 86' lang='lat' dir='ltr'>cumque</span> <span class='ocrx_word' id='word_1_340' title='bbox 589 2598 626 2632; x_wconf 88' lang='lat' dir='ltr'>in</span> <span class='ocrx_word' id='word_1_341' title='bbox 666 2608 708 2632; x_wconf 89' lang='lat' dir='ltr'>ea</span> <span class='ocrx_word' id='word_1_342' title='bbox 748 2607 787 2632; x_wconf 91' lang='lat' dir='ltr'>re</span> <span class='ocrx_word' id='word_1_343' title='bbox 827 2597 997 2641; x_wconf 87' lang='lat' dir='ltr'>sequutus</span> <span class='ocrx_word' id='word_1_344' title='bbox 1038 2593 1178 2629; x_wconf 82' lang='lat' dir='ltr'>Male-</span> 
     </span>
     <span class='ocr_line' id='line_1_49' title="bbox 134 2655 386 2692; baseline -0.004 0"><span class='ocrx_word' id='word_1_345' title='bbox 134 2655 386 2692; x_wconf 77' lang='lat' dir='ltr'>branchias.</span> 
     </span>
    </p>
   </div>
   <div class='ocr_carea' id='block_1_19' title="bbox 133 2771 1181 2878">
    <p class='ocr_par' dir='ltr' id='par_1_19' title="bbox 133 2771 1181 2878">
     <span class='ocr_line' id='line_1_50' title="bbox 192 2771 1178 2820; baseline -0.005 -12"><span class='ocrx_word' id='word_1_346' title='bbox 192 2773 251 2808; x_wconf 91' lang='lat' dir='ltr'>IV.</span> <span class='ocrx_word' id='word_1_347' title='bbox 303 2771 473 2807; x_wconf 83' lang='lat' dir='ltr'>Animam</span> <span class='ocrx_word' id='word_1_348' title='bbox 502 2775 537 2808; x_wconf 87' lang='lat' dir='ltr'>in</span> <span class='ocrx_word' id='word_1_349' title='bbox 558 2774 623 2809; x_wconf 88' lang='lat' dir='ltr'>hoc</span> <span class='ocrx_word' id='word_1_350' title='bbox 644 2784 793 2820; x_wconf 88' lang='lat' dir='ltr'>corpore</span> <span class='ocrx_word' id='word_1_351' title='bbox 814 2772 909 2807; x_wconf 83' lang='lat' dir='ltr'>velut</span> <span class='ocrx_word' id='word_1_352' title='bbox 929 2779 1069 2806; x_wconf 88' lang='lat' dir='ltr'>carcere</span> <span class='ocrx_word' id='word_1_353' title='bbox 1091 2780 1178 2816; x_wconf 86' lang='lat' dir='ltr'>csse,</span> 
     </span>
     <span class='ocr_line' id='line_1_51' title="bbox 133 2828 1181 2878; baseline -0.006 -10"><span class='ocrx_word' id='word_1_354' title='bbox 133 2842 222 2868; x_wconf 89' lang='lat' dir='ltr'>sano</span> <span class='ocrx_word' id='word_1_355' title='bbox 243 2841 344 2866; x_wconf 88' lang='lat' dir='ltr'>sensu</span> <span class='ocrx_word' id='word_1_356' title='bbox 374 2831 521 2871; x_wconf 49' lang='lat' dir='ltr'>intelligi</span> <span class='ocrx_word' id='word_1_357' title='bbox 543 2836 672 2878; x_wconf 75' lang='lat' dir='ltr'>potest.</span> <span class='ocrx_word' id='word_1_358' title='bbox 716 2832 782 2866; x_wconf 83' lang='lat' dir='ltr'>Sed</span> <span class='ocrx_word' id='word_1_359' title='bbox 804 2830 1006 2874; x_wconf 87' lang='lat' dir='ltr'>abjicienda</span> <span class='ocrx_word' id='word_1_360' title='bbox 1027 2832 1079 2864; x_wconf 89' lang='lat' dir='ltr'>est</span> <span class='ocrx_word' id='word_1_361' title='bbox 1101 2828 1181 2863; x_wconf 89' lang='lat' dir='ltr'>Phi—</span> 
     </span>
    </p>
   </div>
   <div class='ocr_carea' id='block_1_20' title="bbox 133 2887 2285 2993">
    <p class='ocr_par' dir='ltr' id='par_1_20' title="bbox 133 2887 2285 2993">
     <span class='ocr_line' id='line_1_52' title="bbox 133 2887 1211 2940; baseline -0.006 -12"><span class='ocrx_word' id='word_1_362' title='bbox 133 2890 366 2937; x_wconf 88' lang='lat' dir='ltr'>losophorum</span> <span class='ocrx_word' id='word_1_363' title='bbox 384 2891 541 2924; x_wconf 81' lang='lat' dir='ltr'>veterum</span> <span class='ocrx_word' id='word_1_364' title='bbox 551 2891 684 2937; x_wconf 88' lang='lat' dir='ltr'>opinio,</span> <span class='ocrx_word' id='word_1_365' title='bbox 707 2890 802 2936; x_wconf 89' lang='lat' dir='ltr'>quod</span> <span class='ocrx_word' id='word_1_366' title='bbox 823 2901 952 2936; x_wconf 90' lang='lat' dir='ltr'>corpus</span> <span class='ocrx_word' id='word_1_367' title='bbox 967 2888 1127 2935; x_wconf 87' lang='lat' dir='ltr'>poenalis</span> <span class='ocrx_word' id='word_1_368' title='bbox 1136 2887 1182 2922; x_wconf 87' lang='lat' dir='ltr'>sit</span> <span class='ocrx_word' id='word_1_369' title='bbox 1210 2933 1211 2940; x_wconf 13' lang='grc' dir='ltr'>ἵ</span> 
     </span>
     <span class='ocr_line' id='line_1_53' title="bbox 1209 2941 2285 2993; baseline -0.002 -14"><span class='ocrx_word' id='word_1_370' title='bbox 1209 2941 1211 2951; x_wconf 88' lang='grc'><strong>’</strong></span> <span class='ocrx_word' id='word_1_371' title='bbox 1239 2946 1297 2992; x_wconf 89' lang='lat' dir='ltr'>qui</span> <span class='ocrx_word' id='word_1_372' title='bbox 1315 2946 1568 2993; x_wconf 86' lang='lat' dir='ltr'>proprietatem</span> <span class='ocrx_word' id='word_1_373' title='bbox 1586 2949 1621 2980; x_wconf 85' lang='lat' dir='ltr'>et</span> <span class='ocrx_word' id='word_1_374' title='bbox 1636 2944 1813 2979; x_wconf 86' lang='lat' dir='ltr'>actionem</span> <span class='ocrx_word' id='word_1_375' title='bbox 1834 2943 1996 2979; x_wconf 87' lang='lat' dir='ltr'>adimunt</span> <span class='ocrx_word' id='word_1_376' title='bbox 2010 2942 2135 2976; x_wconf 86' lang='lat' dir='ltr'>beatae</span> <span class='ocrx_word' id='word_1_377' title='bbox 2152 2942 2285 2987; x_wconf 69' lang='lat' dir='ltr'>menti,</span> 
     </span>
    </p>
   </div>
   <div class='ocr_carea' id='block_1_21' title="bbox 133 2947 1182 3402">
    <p class='ocr_par' dir='ltr' id='par_1_21' title="bbox 133 2947 1182 3402">
     <span class='ocr_line' id='line_1_54' title="bbox 133 2947 1181 2995; baseline -0.006 -9"><span class='ocrx_word' id='word_1_378' title='bbox 133 2961 254 2986; x_wconf 87' lang='lat' dir='ltr'>carcer</span> <span class='ocrx_word' id='word_1_379' title='bbox 295 2947 551 2992; x_wconf 81' lang='lat' dir='ltr'>intelligentiae</span> <span class='ocrx_word' id='word_1_380' title='bbox 590 2950 675 2984; x_wconf 89' lang='lat' dir='ltr'>olim</span> <span class='ocrx_word' id='word_1_381' title='bbox 712 2948 900 2995; x_wconf 84' lang='lat' dir='ltr'>peccantis.</span> <span class='ocrx_word' id='word_1_382' title='bbox 962 2947 1053 2982; x_wconf 92' lang='lat' dir='ltr'>Illud</span> <span class='ocrx_word' id='word_1_383' title='bbox 1089 2949 1181 2981; x_wconf 88' lang='lat' dir='ltr'>recte</span> 
     </span>
     <span class='ocr_line' id='line_1_55' title="bbox 134 3005 1182 3053; baseline -0.005 -9"><span class='ocrx_word' id='word_1_384' title='bbox 134 3012 282 3053; x_wconf 85' lang='lat' dir='ltr'>veteres,</span> <span class='ocrx_word' id='word_1_385' title='bbox 311 3007 470 3043; x_wconf 82' lang='lat' dir='ltr'>animam</span> <span class='ocrx_word' id='word_1_386' title='bbox 498 3006 535 3040; x_wconf 88' lang='lat' dir='ltr'>in</span> <span class='ocrx_word' id='word_1_387' title='bbox 567 3018 715 3053; x_wconf 85' lang='lat' dir='ltr'>corpore</span> <span class='ocrx_word' id='word_1_388' title='bbox 749 3011 932 3053; x_wconf 84' lang='lat' dir='ltr'>tamquam</span> <span class='ocrx_word' id='word_1_389' title='bbox 960 3006 998 3040; x_wconf 89' lang='lat' dir='ltr'>in</span> <span class='ocrx_word' id='word_1_390' title='bbox 1028 3005 1182 3040; x_wconf 86' lang='lat' dir='ltr'>statione</span> 
     </span>
     <span class='ocr_line' id='line_1_56' title="bbox 134 3064 1180 3114; baseline -0.006 -11"><span class='ocrx_word' id='word_1_391' title='bbox 134 3079 223 3114; x_wconf 85' lang='lat' dir='ltr'>esse,</span> <span class='ocrx_word' id='word_1_392' title='bbox 246 3066 340 3101; x_wconf 86' lang='lat' dir='ltr'>unde</span> <span class='ocrx_word' id='word_1_393' title='bbox 362 3064 496 3109; x_wconf 85' lang='lat' dir='ltr'>injussu</span> <span class='ocrx_word' id='word_1_394' title='bbox 523 3066 653 3099; x_wconf 88' lang='lat' dir='ltr'>summi</span> <span class='ocrx_word' id='word_1_395' title='bbox 676 3066 907 3111; x_wconf 84' lang='lat' dir='ltr'>Imperatoris</span> <span class='ocrx_word' id='word_1_396' title='bbox 928 3064 1096 3099; x_wconf 83' lang='lat' dir='ltr'>decedere</span> <span class='ocrx_word' id='word_1_397' title='bbox 1127 3064 1180 3098; x_wconf 87' lang='lat' dir='ltr'>fas</span> 
     </span>
     <span class='ocr_line' id='line_1_57' title="bbox 134 3122 1178 3169; baseline -0.006 -7"><span class='ocrx_word' id='word_1_398' title='bbox 134 3137 209 3162; x_wconf 89' lang='lat' dir='ltr'>non</span> <span class='ocrx_word' id='word_1_399' title='bbox 229 3126 284 3161; x_wconf 86' lang='lat' dir='ltr'>sit.</span> <span class='ocrx_word' id='word_1_400' title='bbox 345 3124 419 3159; x_wconf 89' lang='lat' dir='ltr'>Nec</span> <span class='ocrx_word' id='word_1_401' title='bbox 439 3122 526 3159; x_wconf 90' lang='lat' dir='ltr'>illud</span> <span class='ocrx_word' id='word_1_402' title='bbox 549 3122 740 3168; x_wconf 75' lang='lat' dir='ltr'>inelegans,</span> <span class='ocrx_word' id='word_1_403' title='bbox 761 3123 987 3169; x_wconf 82' lang='lat' dir='ltr'>providentia</span> <span class='ocrx_word' id='word_1_404' title='bbox 1009 3134 1073 3157; x_wconf 88' lang='lat' dir='ltr'>nos</span> <span class='ocrx_word' id='word_1_405' title='bbox 1094 3122 1178 3167; x_wconf 72' lang='lat' dir='ltr'>regi,</span> 
     </span>
     <span class='ocr_line' id='line_1_58' title="bbox 136 3181 1180 3230; baseline -0.005 -10"><span class='ocrx_word' id='word_1_406' title='bbox 136 3195 206 3230; x_wconf 87' lang='lat' dir='ltr'>qua</span> <span class='ocrx_word' id='word_1_407' title='bbox 232 3184 408 3220; x_wconf 87' lang='lat' dir='ltr'>rationem</span> <span class='ocrx_word' id='word_1_408' title='bbox 436 3181 629 3228; x_wconf 87' lang='lat' dir='ltr'>sequimur,</span> <span class='ocrx_word' id='word_1_409' title='bbox 667 3181 740 3214; x_wconf 84' lang='lat' dir='ltr'>fato</span> <span class='ocrx_word' id='word_1_410' title='bbox 765 3186 800 3215; x_wconf 87' lang='lat' dir='ltr'>et</span> <span class='ocrx_word' id='word_1_411' title='bbox 834 3183 949 3216; x_wconf 82' lang='lat' dir='ltr'>instar</span> <span class='ocrx_word' id='word_1_412' title='bbox 985 3181 1180 3227; x_wconf 78' lang='lat' dir='ltr'>machinae,</span> 
     </span>
     <span class='ocr_line' id='line_1_59' title="bbox 138 3238 1180 3278; baseline -0.004 0"><span class='ocrx_word' id='word_1_413' title='bbox 138 3243 223 3278; x_wconf 87' lang='lat' dir='ltr'>dum</span> <span class='ocrx_word' id='word_1_414' title='bbox 257 3241 440 3277; x_wconf 81' lang='lat' dir='ltr'>effectibus</span> <span class='ocrx_word' id='word_1_415' title='bbox 476 3240 635 3275; x_wconf 86' lang='lat' dir='ltr'>ferimur.</span> <span class='ocrx_word' id='word_1_416' title='bbox 694 3238 733 3272; x_wconf 84' lang='lat' dir='ltr'>ld</span> <span class='ocrx_word' id='word_1_417' title='bbox 769 3239 863 3273; x_wconf 88' lang='lat' dir='ltr'>enim</span> <span class='ocrx_word' id='word_1_418' title='bbox 900 3251 946 3274; x_wconf 83' lang='lat' dir='ltr'>ex</span> <span class='ocrx_word' id='word_1_419' title='bbox 982 3239 1180 3274; x_wconf 85' lang='lat' dir='ltr'>Harmonia</span> 
     </span>
     <span class='ocr_line' id='line_1_60' title="bbox 139 3298 1181 3347; baseline -0.004 -12"><span class='ocrx_word' id='word_1_420' title='bbox 139 3301 383 3347; x_wconf 85' lang='lat' dir='ltr'>praestabilita</span> <span class='ocrx_word' id='word_1_421' title='bbox 404 3300 508 3336; x_wconf 88' lang='lat' dir='ltr'>hodie</span> <span class='ocrx_word' id='word_1_422' title='bbox 523 3298 626 3333; x_wconf 83' lang='lat' dir='ltr'>nobis</span> <span class='ocrx_word' id='word_1_423' title='bbox 643 3299 864 3343; x_wconf 84' lang='lat' dir='ltr'>perspectum</span> <span class='ocrx_word' id='word_1_424' title='bbox 885 3302 949 3343; x_wconf 76' lang='lat' dir='ltr'>est,</span> <span class='ocrx_word' id='word_1_425' title='bbox 974 3299 1088 3333; x_wconf 87' lang='lat' dir='ltr'>Deum</span> <span class='ocrx_word' id='word_1_426' title='bbox 1106 3309 1181 3332; x_wconf 89' lang='lat' dir='ltr'>om-</span> 
     </span>
     <span class='ocr_line' id='line_1_61' title="bbox 139 3356 1182 3402; baseline -0.002 -7"><span class='ocrx_word' id='word_1_427' title='bbox 139 3360 199 3395; x_wconf 88' lang='lat' dir='ltr'>nia</span> <span class='ocrx_word' id='word_1_428' title='bbox 219 3363 292 3395; x_wconf 84' lang='lat' dir='ltr'>tam</span> <span class='ocrx_word' id='word_1_429' title='bbox 321 3359 466 3395; x_wconf 83' lang='lat' dir='ltr'>mirifice</span> <span class='ocrx_word' id='word_1_430' title='bbox 487 3356 691 3402; x_wconf 79' lang='lat' dir='ltr'>instituisse,</span> <span class='ocrx_word' id='word_1_431' title='bbox 720 3358 758 3390; x_wconf 89' lang='lat' dir='ltr'>ut</span> <span class='ocrx_word' id='word_1_432' title='bbox 784 3365 975 3401; x_wconf 78' lang='lat' dir='ltr'>corporeae</span> <span class='ocrx_word' id='word_1_433' title='bbox 998 3357 1182 3393; x_wconf 80' lang='lat' dir='ltr'>machinae</span> 
     </span>
    </p>
   </div>
   <div class='ocr_carea' id='block_1_22' title="bbox 1209 3173 1212 3266">
    <p class='ocr_par' dir='ltr' id='par_1_22' title="bbox 1209 3173 1212 3266">
     <span class='ocr_line' id='line_1_62' title="bbox 1209 3173 1211 3215; baseline 0 0"><span class='ocrx_word' id='word_1_434' title='bbox 1209 3173 1211 3215; x_wconf 72' lang='lat' dir='ltr'>l</span> 
     </span>
     <span class='ocr_line' id='line_1_63' title="bbox 1210 3232 1212 3266; baseline 0 -3"><span class='ocrx_word' id='word_1_435' title='bbox 1210 3232 1212 3266; x_wconf 77' lang='grc' dir='ltr'>ι</span> 
     </span>
    </p>
   </div>
   <div class='ocr_carea' id='block_1_23' title="bbox 1210 3267 1212 3314">
    <p class='ocr_par' dir='ltr' id='par_1_23' title="bbox 1210 3267 1212 3314">
     <span class='ocr_line' id='line_1_64' title="bbox 1210 3267 1212 3314; baseline 0 0"><span class='ocrx_word' id='word_1_436' title='bbox 1210 3267 1212 3314; x_wconf 69' lang='lat' dir='ltr'>l</span> 
     </span>
    </p>
   </div>
   <div class='ocr_carea' id='block_1_24' title="bbox 791 141 1636 179">
    <p class='ocr_par' dir='ltr' id='par_1_24' title="bbox 791 141 1636 179">
     <span class='ocr_line' id='line_1_65' title="bbox 791 141 1636 179; baseline -0.002 0"><span class='ocrx_word' id='word_1_437' title='bbox 791 142 919 179; x_wconf 86' lang='lat' dir='ltr'><strong>LXIV.</strong></span> <span class='ocrx_word' id='word_1_438' title='bbox 982 141 1208 179; x_wconf 73' lang='lat' dir='ltr'>EPISTOLA</span> <span class='ocrx_word' id='word_1_439' title='bbox 1241 143 1308 178; x_wconf 89' lang='lat' dir='ltr'>AD</span> <span class='ocrx_word' id='word_1_440' title='bbox 1339 141 1636 178; x_wconf 81' lang='lat' dir='ltr'>HANSCHIUM.</span> 
     </span>
    </p>
   </div>
   <div class='ocr_carea' id='block_1_25' title="bbox 1234 235 2289 1346">
    <p class='ocr_par' dir='ltr' id='par_1_25' title="bbox 1234 235 2275 342">
     <span class='ocr_line' id='line_1_66' title="bbox 1235 235 2275 287; baseline 0.003 -15"><span class='ocrx_word' id='word_1_441' title='bbox 1235 235 1415 272; x_wconf 85' lang='lat' dir='ltr'>mentibus</span> <span class='ocrx_word' id='word_1_442' title='bbox 1436 235 1606 275; x_wconf 79' lang='lat' dir='ltr'>serviant,</span> <span class='ocrx_word' id='word_1_443' title='bbox 1635 238 1672 270; x_wconf 87' lang='lat' dir='ltr'>et</span> <span class='ocrx_word' id='word_1_444' title='bbox 1698 237 1792 282; x_wconf 89' lang='lat' dir='ltr'>quod</span> <span class='ocrx_word' id='word_1_445' title='bbox 1815 237 1850 273; x_wconf 93' lang='lat' dir='ltr'>in</span> <span class='ocrx_word' id='word_1_446' title='bbox 1872 243 1993 275; x_wconf 86' lang='lat' dir='ltr'>mente</span> <span class='ocrx_word' id='word_1_447' title='bbox 2013 242 2065 275; x_wconf 88' lang='lat' dir='ltr'>est</span> <span class='ocrx_word' id='word_1_448' title='bbox 2094 239 2275 287; x_wconf 82' lang='lat' dir='ltr'>providen-</span> 
     </span>
     <span class='ocr_line' id='line_1_67' title="bbox 1234 294 1742 342; baseline -0.006 -11"><span class='ocrx_word' id='word_1_449' title='bbox 1234 296 1298 342; x_wconf 92' lang='lat' dir='ltr'>tia,</span> <span class='ocrx_word' id='word_1_450' title='bbox 1321 294 1357 329; x_wconf 90' lang='lat' dir='ltr'>in</span> <span class='ocrx_word' id='word_1_451' title='bbox 1378 305 1529 341; x_wconf 89' lang='lat' dir='ltr'>corpore</span> <span class='ocrx_word' id='word_1_452' title='bbox 1551 295 1597 329; x_wconf 88' lang='lat' dir='ltr'>sit</span> <span class='ocrx_word' id='word_1_453' title='bbox 1616 295 1742 329; x_wconf 86' lang='lat' dir='ltr'>satum.</span> 
     </span>
    </p>

    <p class='ocr_par' dir='ltr' id='par_1_26' title="bbox 1234 353 2288 1286">
     <span class='ocr_line' id='line_1_68' title="bbox 1293 353 2278 400; baseline 0.004 -13"><span class='ocrx_word' id='word_1_454' title='bbox 1293 353 1336 388; x_wconf 92' lang='lat' dir='ltr'>V.</span> <span class='ocrx_word' id='word_1_455' title='bbox 1381 353 1501 388; x_wconf 84' lang='lat' dir='ltr'>Etiam</span> <span class='ocrx_word' id='word_1_456' title='bbox 1529 353 1574 388; x_wconf 90' lang='lat' dir='ltr'>de</span> <span class='ocrx_word' id='word_1_457' title='bbox 1601 353 1794 388; x_wconf 84' lang='lat' dir='ltr'>virtutibus</span> <span class='ocrx_word' id='word_1_458' title='bbox 1828 357 2009 400; x_wconf 83' lang='lat' dir='ltr'>praeclare</span> <span class='ocrx_word' id='word_1_459' title='bbox 2037 357 2210 393; x_wconf 84' lang='lat' dir='ltr'>Platonici</span> <span class='ocrx_word' id='word_1_460' title='bbox 2246 360 2278 391; x_wconf 82' lang='lat' dir='ltr'>et</span> 
     </span>
     <span class='ocr_line' id='line_1_69' title="bbox 1234 412 2279 463; baseline 0.001 -15"><span class='ocrx_word' id='word_1_461' title='bbox 1234 413 1343 448; x_wconf 87' lang='lat' dir='ltr'>Stoici</span> <span class='ocrx_word' id='word_1_462' title='bbox 1365 415 1522 460; x_wconf 74' lang='lat' dir='ltr'>vetereS,</span> <span class='ocrx_word' id='word_1_463' title='bbox 1555 412 1775 458; x_wconf 70' lang='lat' dir='ltr'>rigidiorque</span> <span class='ocrx_word' id='word_1_464' title='bbox 1800 415 1856 447; x_wconf 87' lang='lat' dir='ltr'>est</span> <span class='ocrx_word' id='word_1_465' title='bbox 1885 414 2186 463; x_wconf 77' lang='lat' dir='ltr'>Augustinus,</span> <span class='ocrx_word' id='word_1_466' title='bbox 2221 416 2279 462; x_wconf 93' lang='lat' dir='ltr'>qui</span> 
     </span>
     <span class='ocr_line' id='line_1_70' title="bbox 1236 471 2282 522; baseline 0.001 -14"><span class='ocrx_word' id='word_1_467' title='bbox 1236 483 1308 508; x_wconf 90' lang='lat' dir='ltr'>non</span> <span class='ocrx_word' id='word_1_468' title='bbox 1329 474 1529 518; x_wconf 80' lang='lat' dir='ltr'>contentuS,</span> <span class='ocrx_word' id='word_1_469' title='bbox 1554 471 1591 506; x_wconf 87' lang='lat' dir='ltr'>in</span> <span class='ocrx_word' id='word_1_470' title='bbox 1608 471 1802 506; x_wconf 85' lang='lat' dir='ltr'>virtutibus</span> <span class='ocrx_word' id='word_1_471' title='bbox 1817 482 1943 507; x_wconf 89' lang='lat' dir='ltr'>eorum</span> <span class='ocrx_word' id='word_1_472' title='bbox 1958 477 2127 519; x_wconf 86' lang='lat' dir='ltr'>perpetua</span> <span class='ocrx_word' id='word_1_473' title='bbox 2141 478 2282 522; x_wconf 87' lang='lat' dir='ltr'>peccata</span> 
     </span>
     <span class='ocr_line' id='line_1_71' title="bbox 1235 530 2283 579; baseline 0.002 -14"><span class='ocrx_word' id='word_1_474' title='bbox 1235 531 1428 577; x_wconf 77' lang='lat' dir='ltr'>quaesisse,</span> <span class='ocrx_word' id='word_1_475' title='bbox 1451 530 1546 576; x_wconf 88' lang='lat' dir='ltr'>quod</span> <span class='ocrx_word' id='word_1_476' title='bbox 1568 531 1685 577; x_wconf 87' lang='lat' dir='ltr'>ipsum</span> <span class='ocrx_word' id='word_1_477' title='bbox 1706 530 1858 565; x_wconf 88' lang='lat' dir='ltr'>nimium</span> <span class='ocrx_word' id='word_1_478' title='bbox 1879 534 1945 577; x_wconf 84' lang='lat' dir='ltr'>cst,</span> <span class='ocrx_word' id='word_1_479' title='bbox 1968 532 2076 566; x_wconf 88' lang='lat' dir='ltr'>etiam</span> <span class='ocrx_word' id='word_1_480' title='bbox 2096 536 2283 579; x_wconf 84' lang='lat' dir='ltr'>praccepta</span> 
     </span>
     <span class='ocr_line' id='line_1_72' title="bbox 1236 590 2283 637; baseline 0.002 -12"><span class='ocrx_word' id='word_1_481' title='bbox 1236 590 1532 637; x_wconf 85' lang='lat' dir='ltr'>Philosophorum</span> <span class='ocrx_word' id='word_1_482' title='bbox 1552 590 1684 635; x_wconf 87' lang='lat' dir='ltr'>ubique</span> <span class='ocrx_word' id='word_1_483' title='bbox 1699 592 1937 636; x_wconf 82' lang='lat' dir='ltr'>pravaputat,</span> <span class='ocrx_word' id='word_1_484' title='bbox 1958 592 2142 635; x_wconf 87' lang='lat' dir='ltr'>tamquam</span> <span class='ocrx_word' id='word_1_485' title='bbox 2162 592 2283 627; x_wconf 86' lang='lat' dir='ltr'>omnia</span> 
     </span>
     <span class='ocr_line' id='line_1_73' title="bbox 1236 648 2283 685; baseline 0.001 -1"><span class='ocrx_word' id='word_1_486' title='bbox 1236 649 1301 684; x_wconf 91' lang='lat' dir='ltr'>sub</span> <span class='ocrx_word' id='word_1_487' title='bbox 1323 649 1516 684; x_wconf 86' lang='lat' dir='ltr'>honestatis</span> <span class='ocrx_word' id='word_1_488' title='bbox 1540 649 1687 684; x_wconf 86' lang='lat' dir='ltr'>nomine</span> <span class='ocrx_word' id='word_1_489' title='bbox 1716 649 1761 684; x_wconf 89' lang='lat' dir='ltr'>ad</span> <span class='ocrx_word' id='word_1_490' title='bbox 1791 648 1937 684; x_wconf 89' lang='lat' dir='ltr'>laudum</span> <span class='ocrx_word' id='word_1_491' title='bbox 1958 648 2155 684; x_wconf 81' lang='lat' dir='ltr'>vanitatem</span> <span class='ocrx_word' id='word_1_492' title='bbox 2174 652 2209 684; x_wconf 86' lang='lat' dir='ltr'>et</span> <span class='ocrx_word' id='word_1_493' title='bbox 2227 662 2283 685; x_wconf 88' lang='lat' dir='ltr'>su·</span> 
     </span>
     <span class='ocr_line' id='line_1_74' title="bbox 1236 708 2284 755; baseline 0 -12"><span class='ocrx_word' id='word_1_494' title='bbox 1236 708 1398 755; x_wconf 77' lang='lat' dir='ltr'>pei-biam</span> <span class='ocrx_word' id='word_1_495' title='bbox 1438 708 1651 744; x_wconf 84' lang='lat' dir='ltr'>retulissent.</span> <span class='ocrx_word' id='word_1_496' title='bbox 1717 708 1784 743; x_wconf 82' lang='lat' dir='ltr'>Sed</span> <span class='ocrx_word' id='word_1_497' title='bbox 1821 710 1961 744; x_wconf 86' lang='lat' dir='ltr'>constat</span> <span class='ocrx_word' id='word_1_498' title='bbox 1998 710 2141 754; x_wconf 86' lang='lat' dir='ltr'>tamen,</span> <span class='ocrx_word' id='word_1_499' title='bbox 2180 718 2284 754; x_wconf 84' lang='lat' dir='ltr'>saepe</span> 
     </span>
     <span class='ocr_line' id='line_1_75' title="bbox 1236 766 2284 814; baseline -0.002 -11"><span class='ocrx_word' id='word_1_500' title='bbox 1236 771 1332 803; x_wconf 88' lang='lat' dir='ltr'>recta</span> <span class='ocrx_word' id='word_1_501' title='bbox 1353 768 1448 814; x_wconf 89' lang='lat' dir='ltr'>ipsos</span> <span class='ocrx_word' id='word_1_502' title='bbox 1469 777 1542 802; x_wconf 89' lang='lat' dir='ltr'>non</span> <span class='ocrx_word' id='word_1_503' title='bbox 1563 778 1624 813; x_wconf 91' lang='lat' dir='ltr'>spe</span> <span class='ocrx_word' id='word_1_504' title='bbox 1641 767 1805 814; x_wconf 86' lang='lat' dir='ltr'>praemii,</span> <span class='ocrx_word' id='word_1_505' title='bbox 1826 771 1888 803; x_wconf 88' lang='lat' dir='ltr'>aut</span> <span class='ocrx_word' id='word_1_506' title='bbox 1904 777 2041 813; x_wconf 90' lang='lat' dir='ltr'>poenae</span> <span class='ocrx_word' id='word_1_507' title='bbox 2062 766 2204 813; x_wconf 86' lang='lat' dir='ltr'>timore,</span> <span class='ocrx_word' id='word_1_508' title='bbox 2224 767 2284 802; x_wconf 90' lang='lat' dir='ltr'>sed</span> 
     </span>
     <span class='ocr_line' id='line_1_76' title="bbox 1235 825 2286 872; baseline 0 -12"><span class='ocrx_word' id='word_1_509' title='bbox 1235 827 1379 862; x_wconf 75' lang='lat' dir='ltr'>virtutis</span> <span class='ocrx_word' id='word_1_510' title='bbox 1399 837 1522 862; x_wconf 86' lang='lat' dir='ltr'>amore</span> <span class='ocrx_word' id='word_1_511' title='bbox 1541 827 1810 861; x_wconf 84' lang='lat' dir='ltr'>commendasse</span> <span class='ocrx_word' id='word_1_512' title='bbox 1838 825 2009 872; x_wconf 82' lang='lat' dir='ltr'>sapienti:</span> <span class='ocrx_word' id='word_1_513' title='bbox 2041 836 2158 872; x_wconf 89' lang='lat' dir='ltr'>neque</span> <span class='ocrx_word' id='word_1_514' title='bbox 2186 826 2286 860; x_wconf 86' lang='lat' dir='ltr'>illum</span> 
     </span>
     <span class='ocr_line' id='line_1_77' title="bbox 1236 884 2288 932; baseline -0.003 -11"><span class='ocrx_word' id='word_1_515' title='bbox 1236 885 1378 921; x_wconf 81' lang='lat' dir='ltr'>virtutis</span> <span class='ocrx_word' id='word_1_516' title='bbox 1397 896 1558 920; x_wconf 88' lang='lat' dir='ltr'>amorem</span> <span class='ocrx_word' id='word_1_517' title='bbox 1577 885 1722 921; x_wconf 81' lang='lat' dir='ltr'>ditl&#39;erre</span> <span class='ocrx_word' id='word_1_518' title='bbox 1742 896 1763 920; x_wconf 89' lang='lat' dir='ltr'>a</span> <span class='ocrx_word' id='word_1_519' title='bbox 1779 885 1969 921; x_wconf 87' lang='lat' dir='ltr'>dilectione</span> <span class='ocrx_word' id='word_1_520' title='bbox 1984 884 2156 932; x_wconf 83' lang='lat' dir='ltr'>justitiae,</span> <span class='ocrx_word' id='word_1_521' title='bbox 2179 895 2288 931; x_wconf 88' lang='lat' dir='ltr'>quam</span> 
     </span>
     <span class='ocr_line' id='line_1_78' title="bbox 1236 944 2286 992; baseline -0.001 -12"><span class='ocrx_word' id='word_1_522' title='bbox 1236 946 1388 980; x_wconf 83' lang='lat' dir='ltr'>inculcat</span> <span class='ocrx_word' id='word_1_523' title='bbox 1409 946 1441 980; x_wconf 82' lang='lat' dir='ltr'>A</span> <span class='ocrx_word' id='word_1_524' title='bbox 1454 956 1473 979; x_wconf 92' lang='lat' dir='ltr'>u</span> <span class='ocrx_word' id='word_1_525' title='bbox 1485 955 1538 989; x_wconf 85' lang='lat' dir='ltr'>gu</span> <span class='ocrx_word' id='word_1_526' title='bbox 1551 944 1640 979; x_wconf 88' lang='lat' dir='ltr'>stin</span> <span class='ocrx_word' id='word_1_527' title='bbox 1652 955 1722 992; x_wconf 84' lang='lat' dir='ltr'>uS,</span> <span class='ocrx_word' id='word_1_528' title='bbox 1741 954 1891 990; x_wconf 88' lang='lat' dir='ltr'>eamque.</span> <span class='ocrx_word' id='word_1_529' title='bbox 1911 944 1956 980; x_wconf 89' lang='lat' dir='ltr'>ad</span> <span class='ocrx_word' id='word_1_530' title='bbox 1973 944 2156 988; x_wconf 84' lang='lat' dir='ltr'>justitiam</span> <span class='ocrx_word' id='word_1_531' title='bbox 2171 954 2286 979; x_wconf 75' lang='lat' dir='ltr'>essen-</span> 
     </span>
     <span class='ocr_line' id='line_1_79' title="bbox 1235 1003 2286 1051; baseline -0.002 -12"><span class='ocrx_word' id='word_1_532' title='bbox 1235 1005 1374 1051; x_wconf 88' lang='lat' dir='ltr'>tialem,</span> <span class='ocrx_word' id='word_1_533' title='bbox 1396 1004 1432 1039; x_wconf 88' lang='lat' dir='ltr'>id</span> <span class='ocrx_word' id='word_1_534' title='bbox 1455 1007 1519 1048; x_wconf 88' lang='lat' dir='ltr'>est,</span> <span class='ocrx_word' id='word_1_535' title='bbox 1542 1004 1657 1038; x_wconf 87' lang='lat' dir='ltr'>Deum</span> <span class='ocrx_word' id='word_1_536' title='bbox 1679 1003 1796 1050; x_wconf 90' lang='lat' dir='ltr'>ipsum</span> <span class='ocrx_word' id='word_1_537' title='bbox 1817 1005 1935 1049; x_wconf 79' lang='lat' dir='ltr'>refert,</span> <span class='ocrx_word' id='word_1_538' title='bbox 1962 1003 1997 1039; x_wconf 93' lang='lat' dir='ltr'>in</span> <span class='ocrx_word' id='word_1_539' title='bbox 2019 1015 2092 1050; x_wconf 89' lang='lat' dir='ltr'>quo</span> <span class='ocrx_word' id='word_1_540' title='bbox 2112 1005 2192 1039; x_wconf 88' lang='lat' dir='ltr'>sons</span> <span class='ocrx_word' id='word_1_541' title='bbox 2214 1003 2286 1038; x_wconf 86' lang='lat' dir='ltr'>veri</span> 
     </span>
     <span class='ocr_line' id='line_1_80' title="bbox 1236 1062 2287 1110; baseline -0.004 -12"><span class='ocrx_word' id='word_1_542' title='bbox 1236 1064 1404 1110; x_wconf 89' lang='lat' dir='ltr'>bonique,</span> <span class='ocrx_word' id='word_1_543' title='bbox 1426 1063 1523 1109; x_wconf 90' lang='lat' dir='ltr'>quod</span> <span class='ocrx_word' id='word_1_544' title='bbox 1544 1074 1608 1097; x_wconf 89' lang='lat' dir='ltr'>nec</span> <span class='ocrx_word' id='word_1_545' title='bbox 1634 1062 1766 1098; x_wconf 85' lang='lat' dir='ltr'>Plato</span> <span class='ocrx_word' id='word_1_546' title='bbox 1787 1063 1893 1109; x_wconf 86' lang='lat' dir='ltr'>plane</span> <span class='ocrx_word' id='word_1_547' title='bbox 1915 1062 2117 1110; x_wconf 78' lang='lat' dir='ltr'>ignorabat,</span> <span class='ocrx_word' id='word_1_548' title='bbox 2145 1072 2287 1108; x_wconf 82' lang='lat' dir='ltr'>semper</span> 
     </span>
     <span class='ocr_line' id='line_1_81' title="bbox 1236 1110 2286 1170; baseline -0.003 -12"><span class='ocrx_word' id='word_1_549' title='bbox 1236 1123 1428 1170; x_wconf 84' lang='lat' dir='ltr'>respiciens</span> <span class='ocrx_word' id='word_1_550' title='bbox 1448 1122 1494 1158; x_wconf 89' lang='lat' dir='ltr'>ad</span> <span class='ocrx_word' id='word_1_551' title='bbox 1516 1122 1633 1169; x_wconf 81' lang='lat' dir='ltr'>ipsum</span> <span class='ocrx_word' id='word_1_552' title='bbox 1648 1132 1784 1167; x_wconf 82' lang='lat' dir='ltr'>verum,</span> <span class='ocrx_word' id='word_1_553' title='bbox 1808 1110 2091 1166; x_wconf 56' lang='grc' dir='ltr'>αὐτοαλκηξτές.</span> <span class='ocrx_word' id='word_1_554' title='bbox 2122 1121 2190 1157; x_wconf 82' lang='lat' dir='ltr'>Sed</span> <span class='ocrx_word' id='word_1_555' title='bbox 2207 1119 2286 1156; x_wconf 90' lang='lat' dir='ltr'>Phi-</span> 
     </span>
     <span class='ocr_line' id='line_1_82' title="bbox 1237 1179 2288 1228; baseline -0.003 -12"><span class='ocrx_word' id='word_1_556' title='bbox 1237 1182 1405 1228; x_wconf 89' lang='lat' dir='ltr'>losophos</span> <span class='ocrx_word' id='word_1_557' title='bbox 1432 1182 1555 1216; x_wconf 87' lang='lat' dir='ltr'>omnia</span> <span class='ocrx_word' id='word_1_558' title='bbox 1584 1181 1629 1216; x_wconf 92' lang='lat' dir='ltr'>ad</span> <span class='ocrx_word' id='word_1_559' title='bbox 1658 1192 1696 1215; x_wconf 91' lang='lat' dir='ltr'>se</span> <span class='ocrx_word' id='word_1_560' title='bbox 1723 1181 1885 1216; x_wconf 87' lang='lat' dir='ltr'>retulisse</span> <span class='ocrx_word' id='word_1_561' title='bbox 1915 1179 2039 1223; x_wconf 85' lang='lat' dir='ltr'>objicit</span> <span class='ocrx_word' id='word_1_562' title='bbox 2068 1179 2288 1225; x_wconf 81' lang='lat' dir='ltr'>Augusti-</span> 
     </span>
     <span class='ocr_line' id='line_1_83' title="bbox 1237 1238 2155 1286; baseline -0.002 -11"><span class='ocrx_word' id='word_1_563' title='bbox 1237 1253 1337 1286; x_wconf 81' lang='lat' dir='ltr'>nuS,</span> <span class='ocrx_word' id='word_1_564' title='bbox 1361 1244 1630 1286; x_wconf 84' lang='lat' dir='ltr'>creaturamque</span> <span class='ocrx_word' id='word_1_565' title='bbox 1651 1240 1741 1275; x_wconf 85' lang='lat' dir='ltr'>adeo</span> <span class='ocrx_word' id='word_1_566' title='bbox 1761 1238 1972 1286; x_wconf 80' lang='lat' dir='ltr'>praetulisse</span> <span class='ocrx_word' id='word_1_567' title='bbox 1992 1239 2155 1275; x_wconf 83' lang='lat' dir='ltr'>creatori.</span> 
     </span>
    </p>

    <p class='ocr_par' dir='ltr' id='par_1_27' title="bbox 1295 1296 2289 1346">
     <span class='ocr_line' id='line_1_84' title="bbox 1295 1296 2289 1346; baseline -0.003 -12"><span class='ocrx_word' id='word_1_568' title='bbox 1295 1300 1355 1334; x_wconf 82' lang='lat' dir='ltr'>vl.</span> <span class='ocrx_word' id='word_1_569' title='bbox 1402 1300 1478 1343; x_wconf 58' lang='lat' dir='ltr'>Ego</span> <span class='ocrx_word' id='word_1_570' title='bbox 1507 1311 1593 1334; x_wconf 75' lang='lat' dir='ltr'>vcro</span> <span class='ocrx_word' id='word_1_571' title='bbox 1617 1310 1761 1346; x_wconf 76' lang='lat' dir='ltr'>vereor,</span> <span class='ocrx_word' id='word_1_572' title='bbox 1798 1309 1842 1333; x_wconf 89' lang='lat' dir='ltr'>ne</span> <span class='ocrx_word' id='word_1_573' title='bbox 1863 1299 1950 1333; x_wconf 87' lang='lat' dir='ltr'>hacc</span> <span class='ocrx_word' id='word_1_574' title='bbox 1970 1298 2083 1333; x_wconf 86' lang='lat' dir='ltr'>nimia</span> <span class='ocrx_word' id='word_1_575' title='bbox 2112 1298 2158 1332; x_wconf 88' lang='lat' dir='ltr'>sit</span> <span class='ocrx_word' id='word_1_576' title='bbox 2179 1296 2289 1332; x_wconf 60' lang='lat' dir='ltr'>subtie</span> 
     </span>
    </p>
   </div>
   <div class='ocr_carea' id='block_1_26' title="bbox 1238 1416 2290 2580">
    <p class='ocr_par' dir='ltr' id='par_1_28' title="bbox 1238 1416 2290 2580">
     <span class='ocr_line' id='line_1_85' title="bbox 1238 1416 2285 1464; baseline -0.003 -12"><span class='ocrx_word' id='word_1_577' title='bbox 1238 1419 1327 1453; x_wconf 90' lang='lat' dir='ltr'>tium</span> <span class='ocrx_word' id='word_1_578' title='bbox 1358 1418 1457 1453; x_wconf 87' lang='lat' dir='ltr'>nullo</span> <span class='ocrx_word' id='word_1_579' title='bbox 1488 1418 1602 1453; x_wconf 73' lang='lat' dir='ltr'>nostri</span> <span class='ocrx_word' id='word_1_580' title='bbox 1624 1422 1796 1464; x_wconf 83' lang='lat' dir='ltr'>respectu.</span> <span class='ocrx_word' id='word_1_581' title='bbox 1836 1416 1960 1462; x_wconf 88' lang='lat' dir='ltr'>Neque</span> <span class='ocrx_word' id='word_1_582' title='bbox 1981 1416 2078 1450; x_wconf 90' lang='lat' dir='ltr'>enim</span> <span class='ocrx_word' id='word_1_583' title='bbox 2100 1427 2163 1462; x_wconf 87' lang='lat' dir='ltr'>per</span> <span class='ocrx_word' id='word_1_584' title='bbox 2183 1417 2285 1450; x_wconf 87' lang='lat' dir='ltr'>natu-</span> 
     </span>
     <span class='ocr_line' id='line_1_86' title="bbox 1238 1473 2287 1523; baseline -0.005 -11"><span class='ocrx_word' id='word_1_585' title='bbox 1238 1488 1315 1512; x_wconf 90' lang='lat' dir='ltr'>ram</span> <span class='ocrx_word' id='word_1_586' title='bbox 1336 1488 1455 1512; x_wconf 89' lang='lat' dir='ltr'>rerum</span> <span class='ocrx_word' id='word_1_587' title='bbox 1477 1477 1551 1512; x_wconf 83' lang='lat' dir='ltr'>fieri</span> <span class='ocrx_word' id='word_1_588' title='bbox 1573 1480 1700 1523; x_wconf 87' lang='lat' dir='ltr'>potest,</span> <span class='ocrx_word' id='word_1_589' title='bbox 1730 1480 1767 1511; x_wconf 86' lang='lat' dir='ltr'>ut</span> <span class='ocrx_word' id='word_1_590' title='bbox 1788 1475 1975 1521; x_wconf 87' lang='lat' dir='ltr'>quisquam</span> <span class='ocrx_word' id='word_1_591' title='bbox 1997 1486 2082 1509; x_wconf 88' lang='lat' dir='ltr'>suae</span> <span class='ocrx_word' id='word_1_592' title='bbox 2108 1473 2287 1509; x_wconf 84' lang='lat' dir='ltr'>felicitatis</span> 
     </span>
     <span class='ocr_line' id='line_1_87' title="bbox 1238 1532 2285 1570; baseline -0.004 0"><span class='ocrx_word' id='word_1_593' title='bbox 1238 1536 1413 1570; x_wconf 90' lang='lat' dir='ltr'>rationem</span> <span class='ocrx_word' id='word_1_594' title='bbox 1433 1547 1504 1570; x_wconf 88' lang='lat' dir='ltr'>non</span> <span class='ocrx_word' id='word_1_595' title='bbox 1533 1535 1675 1570; x_wconf 86' lang='lat' dir='ltr'>babeat.</span> <span class='ocrx_word' id='word_1_596' title='bbox 1721 1534 1789 1570; x_wconf 75' lang='lat' dir='ltr'>Sed</span> <span class='ocrx_word' id='word_1_597' title='bbox 1812 1534 1925 1568; x_wconf 86' lang='lat' dir='ltr'>Deum</span> <span class='ocrx_word' id='word_1_598' title='bbox 1954 1532 2157 1568; x_wconf 89' lang='lat' dir='ltr'>amantibus</span> <span class='ocrx_word' id='word_1_599' title='bbox 2177 1532 2285 1567; x_wconf 90' lang='lat' dir='ltr'>felici-</span> 
     </span>
     <span class='ocr_line' id='line_1_88' title="bbox 1238 1591 2287 1640; baseline -0.002 -12"><span class='ocrx_word' id='word_1_600' title='bbox 1238 1598 1292 1628; x_wconf 87' lang='lat' dir='ltr'>tas</span> <span class='ocrx_word' id='word_1_601' title='bbox 1322 1594 1403 1629; x_wconf 91' lang='lat' dir='ltr'>inde</span> <span class='ocrx_word' id='word_1_602' title='bbox 1431 1594 1577 1640; x_wconf 86' lang='lat' dir='ltr'>propria</span> <span class='ocrx_word' id='word_1_603' title='bbox 1605 1593 1772 1629; x_wconf 87' lang='lat' dir='ltr'>nascitur.</span> <span class='ocrx_word' id='word_1_604' title='bbox 1830 1592 1955 1638; x_wconf 85' lang='lat' dir='ltr'>Itaque</span> <span class='ocrx_word' id='word_1_605' title='bbox 1981 1602 2091 1638; x_wconf 89' lang='lat' dir='ltr'>quum</span> <span class='ocrx_word' id='word_1_606' title='bbox 2125 1591 2287 1627; x_wconf 88' lang='lat' dir='ltr'>nondum</span> 
     </span>
     <span class='ocr_line' id='line_1_89' title="bbox 1238 1650 2285 1698; baseline -0.001 -12"><span class='ocrx_word' id='word_1_607' title='bbox 1238 1652 1430 1698; x_wconf 86' lang='lat' dir='ltr'>prodiisset</span> <span class='ocrx_word' id='word_1_608' title='bbox 1456 1652 1699 1687; x_wconf 83' lang='lat' dir='ltr'>controversia</span> <span class='ocrx_word' id='word_1_609' title='bbox 1730 1652 1773 1686; x_wconf 87' lang='lat' dir='ltr'>de</span> <span class='ocrx_word' id='word_1_610' title='bbox 1800 1650 2078 1686; x_wconf 86' lang='lat' dir='ltr'>Merccnarii</span> <span class='ocrx_word' id='word_1_611' title='bbox 2114 1654 2157 1685; x_wconf 86' lang='lat' dir='ltr'>ct</span> <span class='ocrx_word' id='word_1_612' title='bbox 2193 1650 2285 1685; x_wconf 79' lang='lat' dir='ltr'>veri</span> 
     </span>
     <span class='ocr_line' id='line_1_90' title="bbox 1238 1709 2286 1756; baseline 0.001 -13"><span class='ocrx_word' id='word_1_613' title='bbox 1238 1713 1407 1747; x_wconf 79' lang='lat' dir='ltr'>amoris</span> <span class='ocrx_word' id='word_1_614' title='bbox 1429 1711 1717 1755; x_wconf 82' lang='lat' dir='ltr'>discrimine,</span> <span class='ocrx_word' id='word_1_615' title='bbox 1748 1710 1882 1745; x_wconf 89' lang='lat' dir='ltr'>nodum</span> <span class='ocrx_word' id='word_1_616' title='bbox 1905 1710 2076 1756; x_wconf 76' lang='lat' dir='ltr'>videram,</span> <span class='ocrx_word' id='word_1_617' title='bbox 2103 1712 2141 1745; x_wconf 88' lang='lat' dir='ltr'>et</span> <span class='ocrx_word' id='word_1_618' title='bbox 2160 1710 2198 1744; x_wconf 87' lang='lat' dir='ltr'>in</span> <span class='ocrx_word' id='word_1_619' title='bbox 2219 1709 2286 1744; x_wconf 90' lang='lat' dir='ltr'>Co-</span> 
     </span>
     <span class='ocr_line' id='line_1_91' title="bbox 1238 1768 2287 1816; baseline -0.002 -12"><span class='ocrx_word' id='word_1_620' title='bbox 1238 1771 1326 1805; x_wconf 87' lang='lat' dir='ltr'>dicis</span> <span class='ocrx_word' id='word_1_621' title='bbox 1348 1770 1441 1814; x_wconf 84' lang='lat' dir='ltr'>juris</span> <span class='ocrx_word' id='word_1_622' title='bbox 1461 1770 1621 1815; x_wconf 82' lang='lat' dir='ltr'>gentium</span> <span class='ocrx_word' id='word_1_623' title='bbox 1649 1770 1868 1816; x_wconf 82' lang='lat' dir='ltr'>praefatione</span> <span class='ocrx_word' id='word_1_624' title='bbox 1889 1769 2134 1815; x_wconf 87' lang='lat' dir='ltr'>dissolveram,</span> <span class='ocrx_word' id='word_1_625' title='bbox 2163 1768 2287 1803; x_wconf 85' lang='lat' dir='ltr'>defini-</span> 
     </span>
     <span class='ocr_line' id='line_1_92' title="bbox 1239 1826 2287 1873; baseline -0.002 -9"><span class='ocrx_word' id='word_1_626' title='bbox 1239 1830 1335 1864; x_wconf 90' lang='lat' dir='ltr'>tione</span> <span class='ocrx_word' id='word_1_627' title='bbox 1364 1828 1540 1863; x_wconf 88' lang='lat' dir='ltr'>Amoris</span> <span class='ocrx_word' id='word_1_628' title='bbox 1577 1829 1697 1867; x_wconf 85' lang='lat' dir='ltr'>allata,</span> <span class='ocrx_word' id='word_1_629' title='bbox 1735 1839 1826 1873; x_wconf 85' lang='lat' dir='ltr'>quae.</span> <span class='ocrx_word' id='word_1_630' title='bbox 1855 1838 1986 1872; x_wconf 79' lang='lat' dir='ltr'>magno</span> <span class='ocrx_word' id='word_1_631' title='bbox 2013 1826 2287 1872; x_wconf 81' lang='lat' dir='ltr'>intelligentium</span> 
     </span>
     <span class='ocr_line' id='line_1_93' title="bbox 1238 1885 2288 1935; baseline -0.003 -12"><span class='ocrx_word' id='word_1_632' title='bbox 1238 1889 1365 1935; x_wconf 88' lang='lat' dir='ltr'>plausu</span> <span class='ocrx_word' id='word_1_633' title='bbox 1386 1890 1529 1933; x_wconf 50' lang='lat' dir='ltr'>arcepta</span> <span class='ocrx_word' id='word_1_634' title='bbox 1551 1891 1617 1932; x_wconf 78' lang='lat' dir='ltr'>cst,</span> <span class='ocrx_word' id='word_1_635' title='bbox 1647 1887 1791 1932; x_wconf 79' lang='lat' dir='ltr'>visaque</span> <span class='ocrx_word' id='word_1_636' title='bbox 1812 1885 1974 1921; x_wconf 84' lang='lat' dir='ltr'>decidere</span> <span class='ocrx_word' id='word_1_637' title='bbox 1994 1886 2104 1921; x_wconf 88' lang='lat' dir='ltr'>litem.</span> <span class='ocrx_word' id='word_1_638' title='bbox 2152 1886 2288 1921; x_wconf 91' lang='lat' dir='ltr'>Amor</span> 
     </span>
     <span class='ocr_line' id='line_1_94' title="bbox 1238 1945 2289 1991; baseline -0.002 -9"><span class='ocrx_word' id='word_1_639' title='bbox 1238 1947 1334 1982; x_wconf 88' lang='lat' dir='ltr'>enim</span> <span class='ocrx_word' id='word_1_640' title='bbox 1358 1957 1508 1991; x_wconf 78' lang='lat' dir='ltr'>verus,</span> <span class='ocrx_word' id='word_1_641' title='bbox 1540 1946 1599 1991; x_wconf 88' lang='lat' dir='ltr'>qui</span> <span class='ocrx_word' id='word_1_642' title='bbox 1622 1945 1907 1980; x_wconf 88' lang='lat' dir='ltr'>mercenario</span> <span class='ocrx_word' id='word_1_643' title='bbox 1929 1945 2136 1991; x_wconf 90' lang='lat' dir='ltr'>opponitur,</span> <span class='ocrx_word' id='word_1_644' title='bbox 2157 1948 2209 1980; x_wconf 88' lang='lat' dir='ltr'>est</span> <span class='ocrx_word' id='word_1_645' title='bbox 2228 1946 2289 1981; x_wconf 89' lang='lat' dir='ltr'>ille</span> 
     </span>
     <span class='ocr_line' id='line_1_95' title="bbox 1239 2004 2288 2050; baseline 0 -10"><span class='ocrx_word' id='word_1_646' title='bbox 1239 2006 1368 2041; x_wconf 78' lang='lat' dir='ltr'>mentis</span> <span class='ocrx_word' id='word_1_647' title='bbox 1399 2006 1557 2050; x_wconf 80' lang='lat' dir='ltr'>affectus,</span> <span class='ocrx_word' id='word_1_648' title='bbox 1586 2015 1658 2050; x_wconf 86' lang='lat' dir='ltr'>quo</span> <span class='ocrx_word' id='word_1_649' title='bbox 1687 2005 1834 2039; x_wconf 84' lang='lat' dir='ltr'>ferimur</span> <span class='ocrx_word' id='word_1_650' title='bbox 1861 2004 1906 2038; x_wconf 89' lang='lat' dir='ltr'>ad</span> <span class='ocrx_word' id='word_1_651' title='bbox 1934 2004 2181 2039; x_wconf 88' lang='lat' dir='ltr'>delectandum</span> <span class='ocrx_word' id='word_1_652' title='bbox 2202 2004 2288 2040; x_wconf 84' lang='lat' dir='ltr'>alte-</span> 
     </span>
     <span class='ocr_line' id='line_1_96' title="bbox 1239 2062 2290 2110; baseline -0.002 -10"><span class='ocrx_word' id='word_1_653' title='bbox 1239 2065 1312 2101; x_wconf 88' lang='lat' dir='ltr'>rius</span> <span class='ocrx_word' id='word_1_654' title='bbox 1334 2064 1515 2100; x_wconf 80' lang='lat' dir='ltr'>felicitate.</span> <span class='ocrx_word' id='word_1_655' title='bbox 1577 2063 1670 2099; x_wconf 80' lang='lat' dir='ltr'>Nam</span> <span class='ocrx_word' id='word_1_656' title='bbox 1698 2063 1829 2110; x_wconf 88' lang='lat' dir='ltr'>quibus</span> <span class='ocrx_word' id='word_1_657' title='bbox 1850 2062 2078 2110; x_wconf 84' lang='lat' dir='ltr'>delectamur,</span> <span class='ocrx_word' id='word_1_658' title='bbox 2108 2073 2150 2098; x_wconf 87' lang='lat' dir='ltr'>ea</span> <span class='ocrx_word' id='word_1_659' title='bbox 2171 2074 2233 2109; x_wconf 89' lang='lat' dir='ltr'>per</span> <span class='ocrx_word' id='word_1_660' title='bbox 2253 2075 2290 2098; x_wconf 91' lang='lat' dir='ltr'>se</span> 
     </span>
     <span class='ocr_line' id='line_1_97' title="bbox 1238 2122 2289 2171; baseline -0.001 -13"><span class='ocrx_word' id='word_1_661' title='bbox 1238 2124 1450 2171; x_wconf 79' lang='lat' dir='ltr'>expetimus.</span> <span class='ocrx_word' id='word_1_662' title='bbox 1481 2123 1606 2168; x_wconf 91' lang='lat' dir='ltr'>Porro,</span> <span class='ocrx_word' id='word_1_663' title='bbox 1628 2133 1739 2168; x_wconf 87' lang='lat' dir='ltr'>quum</span> <span class='ocrx_word' id='word_1_664' title='bbox 1755 2122 1877 2158; x_wconf 86' lang='lat' dir='ltr'>divina</span> <span class='ocrx_word' id='word_1_665' title='bbox 1893 2122 2044 2158; x_wconf 80' lang='lat' dir='ltr'>felicitas</span> <span class='ocrx_word' id='word_1_666' title='bbox 2065 2122 2111 2157; x_wconf 89' lang='lat' dir='ltr'>sit</span> <span class='ocrx_word' id='word_1_667' title='bbox 2126 2123 2289 2157; x_wconf 86' lang='lat' dir='ltr'>omnium</span> 
     </span>
     <span class='ocr_line' id='line_1_98' title="bbox 1238 2181 2289 2230; baseline -0.001 -14"><span class='ocrx_word' id='word_1_668' title='bbox 1238 2183 1498 2230; x_wconf 83' lang='lat' dir='ltr'>perfectionum</span> <span class='ocrx_word' id='word_1_669' title='bbox 1519 2182 1717 2229; x_wconf 81' lang='lat' dir='ltr'>confluxus,</span> <span class='ocrx_word' id='word_1_670' title='bbox 1740 2184 1775 2216; x_wconf 87' lang='lat' dir='ltr'>ct</span> <span class='ocrx_word' id='word_1_671' title='bbox 1796 2181 1987 2216; x_wconf 89' lang='lat' dir='ltr'>delectatio</span> <span class='ocrx_word' id='word_1_672' title='bbox 2007 2181 2052 2216; x_wconf 90' lang='lat' dir='ltr'>sit</span> <span class='ocrx_word' id='word_1_673' title='bbox 2073 2192 2196 2216; x_wconf 87' lang='lat' dir='ltr'>sensus</span> <span class='ocrx_word' id='word_1_674' title='bbox 2212 2193 2289 2228; x_wconf 90' lang='lat' dir='ltr'>per-</span> 
     </span>
     <span class='ocr_line' id='line_1_99' title="bbox 1239 2241 2288 2287; baseline -0.001 -11"><span class='ocrx_word' id='word_1_675' title='bbox 1239 2242 1420 2287; x_wconf 63' lang='lat' dir='ltr'>fectionis,</span> <span class='ocrx_word' id='word_1_676' title='bbox 1452 2241 1531 2275; x_wconf 90' lang='lat' dir='ltr'>hinc</span> <span class='ocrx_word' id='word_1_677' title='bbox 1559 2251 1778 2286; x_wconf 87' lang='lat' dir='ltr'>consequens</span> <span class='ocrx_word' id='word_1_678' title='bbox 1805 2244 1870 2287; x_wconf 86' lang='lat' dir='ltr'>est,</span> <span class='ocrx_word' id='word_1_679' title='bbox 1902 2251 2023 2275; x_wconf 86' lang='lat' dir='ltr'>veram</span> <span class='ocrx_word' id='word_1_680' title='bbox 2044 2251 2121 2274; x_wconf 87' lang='lat' dir='ltr'>esse</span> <span class='ocrx_word' id='word_1_681' title='bbox 2141 2241 2288 2275; x_wconf 87' lang='lat' dir='ltr'>felicita·</span> 
     </span>
     <span class='ocr_line' id='line_1_100' title="bbox 1238 2299 2290 2336; baseline -0.001 -1"><span class='ocrx_word' id='word_1_682' title='bbox 1238 2305 1311 2336; x_wconf 89' lang='lat' dir='ltr'>tem</span> <span class='ocrx_word' id='word_1_683' title='bbox 1332 2303 1473 2335; x_wconf 83' lang='lat' dir='ltr'>creatae</span> <span class='ocrx_word' id='word_1_684' title='bbox 1495 2299 1625 2334; x_wconf 84' lang='lat' dir='ltr'>mentis</span> <span class='ocrx_word' id='word_1_685' title='bbox 1645 2299 1679 2334; x_wconf 93' lang='lat' dir='ltr'>in</span> <span class='ocrx_word' id='word_1_686' title='bbox 1702 2309 1808 2334; x_wconf 85' lang='lat' dir='ltr'>sensu</span> <span class='ocrx_word' id='word_1_687' title='bbox 1829 2299 1972 2334; x_wconf 82' lang='lat' dir='ltr'>divinae</span> <span class='ocrx_word' id='word_1_688' title='bbox 1993 2299 2182 2334; x_wconf 78' lang='lat' dir='ltr'>felicitatis</span> <span class='ocrx_word' id='word_1_689' title='bbox 2220 2299 2290 2334; x_wconf 85' lang='lat' dir='ltr'>Ita-</span> 
     </span>
     <span class='ocr_line' id='line_1_101' title="bbox 1239 2357 2289 2405; baseline -0.001 -13"><span class='ocrx_word' id='word_1_690' title='bbox 1239 2370 1317 2405; x_wconf 85' lang='lat' dir='ltr'>que,</span> <span class='ocrx_word' id='word_1_691' title='bbox 1347 2359 1407 2405; x_wconf 91' lang='lat' dir='ltr'>qui</span> <span class='ocrx_word' id='word_1_692' title='bbox 1429 2362 1575 2403; x_wconf 87' lang='lat' dir='ltr'>rectum,</span> <span class='ocrx_word' id='word_1_693' title='bbox 1603 2368 1739 2402; x_wconf 86' lang='lat' dir='ltr'>verum,</span> <span class='ocrx_word' id='word_1_694' title='bbox 1769 2357 1915 2402; x_wconf 90' lang='lat' dir='ltr'>bonum,</span> <span class='ocrx_word' id='word_1_695' title='bbox 1939 2357 2079 2400; x_wconf 87' lang='lat' dir='ltr'>justum</span> <span class='ocrx_word' id='word_1_696' title='bbox 2100 2361 2289 2403; x_wconf 85' lang='lat' dir='ltr'>quaerunt,</span> 
     </span>
     <span class='ocr_line' id='line_1_102' title="bbox 1238 2415 2288 2463; baseline -0.002 -11"><span class='ocrx_word' id='word_1_697' title='bbox 1238 2418 1372 2463; x_wconf 83' lang='lat' dir='ltr'>magis,</span> <span class='ocrx_word' id='word_1_698' title='bbox 1410 2416 1492 2462; x_wconf 87' lang='lat' dir='ltr'>quia</span> <span class='ocrx_word' id='word_1_699' title='bbox 1520 2416 1688 2461; x_wconf 86' lang='lat' dir='ltr'>delectat,</span> <span class='ocrx_word' id='word_1_700' title='bbox 1718 2426 1826 2461; x_wconf 88' lang='lat' dir='ltr'>quam</span> <span class='ocrx_word' id='word_1_701' title='bbox 1854 2415 1938 2461; x_wconf 89' lang='lat' dir='ltr'>quia</span> <span class='ocrx_word' id='word_1_702' title='bbox 1970 2415 2134 2461; x_wconf 85' lang='lat' dir='ltr'>prodest,</span> <span class='ocrx_word' id='word_1_703' title='bbox 2164 2426 2288 2462; x_wconf 89' lang='lat' dir='ltr'>quam-</span> 
     </span>
     <span class='ocr_line' id='line_1_103' title="bbox 1238 2473 2289 2522; baseline 0.001 -13"><span class='ocrx_word' id='word_1_704' title='bbox 1238 2486 1346 2522; x_wconf 90' lang='lat' dir='ltr'>quam</span> <span class='ocrx_word' id='word_1_705' title='bbox 1374 2486 1412 2510; x_wconf 91' lang='lat' dir='ltr'>re</span> <span class='ocrx_word' id='word_1_706' title='bbox 1440 2485 1524 2510; x_wconf 85' lang='lat' dir='ltr'>vera</span> <span class='ocrx_word' id='word_1_707' title='bbox 1552 2474 1711 2508; x_wconf 78' lang='lat' dir='ltr'>maxime</span> <span class='ocrx_word' id='word_1_708' title='bbox 1738 2474 1869 2521; x_wconf 86' lang='lat' dir='ltr'>prosit,</span> <span class='ocrx_word' id='word_1_709' title='bbox 1899 2473 1925 2508; x_wconf 92' lang='lat' dir='ltr'>ii</span> <span class='ocrx_word' id='word_1_710' title='bbox 1955 2474 2000 2509; x_wconf 89' lang='lat' dir='ltr'>ad</span> <span class='ocrx_word' id='word_1_711' title='bbox 2029 2474 2202 2509; x_wconf 82' lang='lat' dir='ltr'>Amorem</span> <span class='ocrx_word' id='word_1_712' title='bbox 2223 2475 2289 2510; x_wconf 86' lang='lat' dir='ltr'>Dei</span> 
     </span>
     <span class='ocr_line' id='line_1_104' title="bbox 1238 2532 2289 2580; baseline 0 -11"><span class='ocrx_word' id='word_1_713' title='bbox 1238 2535 1398 2569; x_wconf 77' lang='lat' dir='ltr'>maxime</span> <span class='ocrx_word' id='word_1_714' title='bbox 1430 2537 1512 2568; x_wconf 89' lang='lat' dir='ltr'>sunt</span> <span class='ocrx_word' id='word_1_715' title='bbox 1547 2533 1747 2580; x_wconf 82' lang='lat' dir='ltr'>praeparati</span> <span class='ocrx_word' id='word_1_716' title='bbox 1776 2544 1822 2567; x_wconf 84' lang='lat' dir='ltr'>ex</span> <span class='ocrx_word' id='word_1_717' title='bbox 1851 2532 1962 2579; x_wconf 85' lang='lat' dir='ltr'>ipsius</span> <span class='ocrx_word' id='word_1_718' title='bbox 1994 2532 2170 2568; x_wconf 89' lang='lat' dir='ltr'>sententia</span> <span class='ocrx_word' id='word_1_719' title='bbox 2198 2533 2289 2569; x_wconf 81' lang='lat' dir='ltr'>Au-</span> 
     </span>
    </p>
   </div>
   <div class='ocr_carea' id='block_1_27' title="bbox 1238 2766 2285 2930">
    <p class='ocr_par' dir='ltr' id='par_1_29' title="bbox 1238 2766 2285 2930">
     <span class='ocr_line' id='line_1_105' title="bbox 1238 2766 2285 2816; baseline -0.004 -11"><span class='ocrx_word' id='word_1_720' title='bbox 1238 2771 1359 2816; x_wconf 89' lang='lat' dir='ltr'>lapsus</span> <span class='ocrx_word' id='word_1_721' title='bbox 1380 2770 1596 2805; x_wconf 87' lang='lat' dir='ltr'>animarum.</span> <span class='ocrx_word' id='word_1_722' title='bbox 1643 2769 1767 2814; x_wconf 79' lang='lat' dir='ltr'>Neque</span> <span class='ocrx_word' id='word_1_723' title='bbox 1797 2769 1905 2814; x_wconf 78' lang='lat' dir='ltr'>igitur</span> <span class='ocrx_word' id='word_1_724' title='bbox 1926 2771 2048 2804; x_wconf 85' lang='lat' dir='ltr'>nostra</span> <span class='ocrx_word' id='word_1_725' title='bbox 2068 2766 2218 2803; x_wconf 86' lang='lat' dir='ltr'>felicitas</span> <span class='ocrx_word' id='word_1_726' title='bbox 2238 2766 2285 2802; x_wconf 87' lang='lat' dir='ltr'>ab</span> 
     </span>
     <span class='ocr_line' id='line_1_106' title="bbox 1240 2827 1791 2874; baseline -0.005 -10"><span class='ocrx_word' id='word_1_727' title='bbox 1240 2831 1373 2864; x_wconf 82' lang='lat' dir='ltr'>Amore</span> <span class='ocrx_word' id='word_1_728' title='bbox 1395 2829 1458 2863; x_wconf 82' lang='lat' dir='ltr'>Dei</span> <span class='ocrx_word' id='word_1_729' title='bbox 1482 2827 1640 2874; x_wconf 87' lang='lat' dir='ltr'>separari</span> <span class='ocrx_word' id='word_1_730' title='bbox 1663 2830 1791 2873; x_wconf 86' lang='lat' dir='ltr'>potest.</span> 
     </span>
     <span class='ocr_line' id='line_1_107' title="bbox 1298 2882 2283 2930; baseline -0.004 -8"><span class='ocrx_word' id='word_1_731' title='bbox 1298 2888 1377 2922; x_wconf 69' lang='lat' dir='ltr'>Vll.</span> <span class='ocrx_word' id='word_1_732' title='bbox 1423 2887 1529 2922; x_wconf 89' lang='lat' dir='ltr'>Unde</span> <span class='ocrx_word' id='word_1_733' title='bbox 1556 2886 1752 2928; x_wconf 81' lang='lat' dir='ltr'>Quietistas</span> <span class='ocrx_word' id='word_1_734' title='bbox 1778 2886 1872 2920; x_wconf 87' lang='lat' dir='ltr'>male</span> <span class='ocrx_word' id='word_1_735' title='bbox 1902 2883 2072 2928; x_wconf 84' lang='lat' dir='ltr'>Mysticos</span> <span class='ocrx_word' id='word_1_736' title='bbox 2097 2882 2283 2930; x_wconf 83' lang='lat' dir='ltr'>explodas,</span> 
     </span>
    </p>
   </div>
   <div class='ocr_carea' id='block_1_28' title="bbox 1235 2999 2286 3403">
    <p class='ocr_par' dir='ltr' id='par_1_30' title="bbox 1235 2999 2286 3403">
     <span class='ocr_line' id='line_1_108' title="bbox 1239 2999 2284 3050; baseline -0.003 -12"><span class='ocrx_word' id='word_1_737' title='bbox 1239 3006 1340 3050; x_wconf 80' lang='lat' dir='ltr'>quasi</span> <span class='ocrx_word' id='word_1_738' title='bbox 1371 3015 1511 3039; x_wconf 87' lang='lat' dir='ltr'>summa</span> <span class='ocrx_word' id='word_1_739' title='bbox 1538 3007 1661 3039; x_wconf 87' lang='lat' dir='ltr'>nostra</span> <span class='ocrx_word' id='word_1_740' title='bbox 1689 3002 1858 3049; x_wconf 87' lang='lat' dir='ltr'>perfectio</span> <span class='ocrx_word' id='word_1_741' title='bbox 1886 3002 1922 3035; x_wconf 91' lang='lat' dir='ltr'>in</span> <span class='ocrx_word' id='word_1_742' title='bbox 1958 2999 2102 3045; x_wconf 83' lang='lat' dir='ltr'>passivo</span> <span class='ocrx_word' id='word_1_743' title='bbox 2128 3000 2284 3045; x_wconf 86' lang='lat' dir='ltr'>quodam</span> 
     </span>
     <span class='ocr_line' id='line_1_109' title="bbox 1238 3058 2286 3109; baseline -0.004 -10"><span class='ocrx_word' id='word_1_744' title='bbox 1238 3067 1334 3098; x_wconf 88' lang='lat' dir='ltr'>statu</span> <span class='ocrx_word' id='word_1_745' title='bbox 1353 3064 1541 3108; x_wconf 72' lang='lat' dir='ltr'>consistat,</span> <span class='ocrx_word' id='word_1_746' title='bbox 1572 3072 1681 3109; x_wconf 85' lang='lat' dir='ltr'>quum</span> <span class='ocrx_word' id='word_1_747' title='bbox 1711 3065 1831 3095; x_wconf 83' lang='lat' dir='ltr'>tamen</span> <span class='ocrx_word' id='word_1_748' title='bbox 1853 3069 1955 3094; x_wconf 86' lang='lat' dir='ltr'>amor</span> <span class='ocrx_word' id='word_1_749' title='bbox 1975 3060 2010 3091; x_wconf 83' lang='lat' dir='ltr'>et</span> <span class='ocrx_word' id='word_1_750' title='bbox 2030 3058 2188 3103; x_wconf 77' lang='lat' dir='ltr'>cognitio</span> <span class='ocrx_word' id='word_1_751' title='bbox 2215 3059 2286 3095; x_wconf 89' lang='lat' dir='ltr'>sint</span> 
     </span>
     <span class='ocr_line' id='line_1_110' title="bbox 1238 3116 2285 3169; baseline -0.003 -13"><span class='ocrx_word' id='word_1_752' title='bbox 1238 3123 1465 3169; x_wconf 87' lang='lat' dir='ltr'>operationes</span> <span class='ocrx_word' id='word_1_753' title='bbox 1487 3121 1615 3156; x_wconf 88' lang='lat' dir='ltr'>mentis</span> <span class='ocrx_word' id='word_1_754' title='bbox 1635 3131 1677 3155; x_wconf 89' lang='lat' dir='ltr'>ac</span> <span class='ocrx_word' id='word_1_755' title='bbox 1697 3117 1901 3154; x_wconf 82' lang='lat' dir='ltr'>voluntatis.</span> <span class='ocrx_word' id='word_1_756' title='bbox 1935 3116 2123 3152; x_wconf 83' lang='lat' dir='ltr'>Beatitudo</span> <span class='ocrx_word' id='word_1_757' title='bbox 2144 3118 2285 3153; x_wconf 87' lang='lat' dir='ltr'>animae</span> 
     </span>
     <span class='ocr_line' id='line_1_111' title="bbox 1236 3175 2283 3225; baseline -0.005 -10"><span class='ocrx_word' id='word_1_758' title='bbox 1236 3181 1412 3225; x_wconf 84' lang='lat' dir='ltr'>consistit,</span> <span class='ocrx_word' id='word_1_759' title='bbox 1434 3181 1554 3225; x_wconf 89' lang='lat' dir='ltr'>utique</span> <span class='ocrx_word' id='word_1_760' title='bbox 1576 3180 1610 3214; x_wconf 88' lang='lat' dir='ltr'>in</span> <span class='ocrx_word' id='word_1_761' title='bbox 1634 3177 1765 3213; x_wconf 82' lang='lat' dir='ltr'>unione</span> <span class='ocrx_word' id='word_1_762' title='bbox 1785 3186 1865 3210; x_wconf 90' lang='lat' dir='ltr'>cum</span> <span class='ocrx_word' id='word_1_763' title='bbox 1888 3175 1974 3219; x_wconf 90' lang='lat' dir='ltr'>Deo,</span> <span class='ocrx_word' id='word_1_764' title='bbox 1998 3175 2106 3209; x_wconf 89' lang='lat' dir='ltr'>modo</span> <span class='ocrx_word' id='word_1_765' title='bbox 2127 3187 2198 3210; x_wconf 90' lang='lat' dir='ltr'>non</span> <span class='ocrx_word' id='word_1_766' title='bbox 2220 3187 2283 3222; x_wconf 89' lang='lat' dir='ltr'>pu-</span> 
     </span>
     <span class='ocr_line' id='line_1_112' title="bbox 1237 3233 2283 3284; baseline -0.005 -10"><span class='ocrx_word' id='word_1_767' title='bbox 1237 3243 1363 3284; x_wconf 87' lang='lat' dir='ltr'>temus,</span> <span class='ocrx_word' id='word_1_768' title='bbox 1394 3238 1579 3273; x_wconf 86' lang='lat' dir='ltr'>absorberi</span> <span class='ocrx_word' id='word_1_769' title='bbox 1609 3236 1767 3270; x_wconf 85' lang='lat' dir='ltr'>animam</span> <span class='ocrx_word' id='word_1_770' title='bbox 1789 3234 1823 3267; x_wconf 91' lang='lat' dir='ltr'>in</span> <span class='ocrx_word' id='word_1_771' title='bbox 1847 3233 1974 3277; x_wconf 89' lang='lat' dir='ltr'>Deum,</span> <span class='ocrx_word' id='word_1_772' title='bbox 1997 3234 2226 3279; x_wconf 86' lang='lat' dir='ltr'>proprietate,</span> <span class='ocrx_word' id='word_1_773' title='bbox 2249 3238 2283 3269; x_wconf 83' lang='lat' dir='ltr'>et</span> 
     </span>
     <span class='ocr_line' id='line_1_113' title="bbox 1236 3292 2282 3344; baseline -0.007 -11"><span class='ocrx_word' id='word_1_774' title='bbox 1236 3309 1327 3344; x_wconf 85' lang='lat' dir='ltr'>quac</span> <span class='ocrx_word' id='word_1_775' title='bbox 1344 3297 1580 3332; x_wconf 70' lang='lat' dir='ltr'>substantiali]</span> <span class='ocrx_word' id='word_1_776' title='bbox 1599 3293 1779 3339; x_wconf 88' lang='lat' dir='ltr'>propriam</span> <span class='ocrx_word' id='word_1_777' title='bbox 1789 3292 1864 3326; x_wconf 85' lang='lat' dir='ltr'>sola</span> <span class='ocrx_word' id='word_1_778' title='bbox 1881 3292 1976 3336; x_wconf 83' lang='lat' dir='ltr'>facit,</span> <span class='ocrx_word' id='word_1_779' title='bbox 1992 3293 2131 3328; x_wconf 85' lang='lat' dir='ltr'>actione</span> <span class='ocrx_word' id='word_1_780' title='bbox 2140 3293 2282 3337; x_wconf 78' lang='lat' dir='ltr'>amissa,</span> 
     </span>
     <span class='ocr_line' id='line_1_114' title="bbox 1235 3339 2283 3403; baseline -0.006 -12"><span class='ocrx_word' id='word_1_781' title='bbox 1235 3357 1296 3403; x_wconf 89' lang='lat' dir='ltr'>qui</span> <span class='ocrx_word' id='word_1_782' title='bbox 1320 3356 1434 3391; x_wconf 84' lang='lat' dir='ltr'>malus</span> <span class='ocrx_word' id='word_1_783' title='bbox 1455 3353 1559 3389; x_wconf 81' lang='lat' dir='ltr'>fuerit</span> <span class='ocrx_word' id='word_1_784' title='bbox 1581 3339 1928 3396; x_wconf 59' lang='grc' dir='ltr'>ἐνζῒουσιαθίαός,</span> <span class='ocrx_word' id='word_1_785' title='bbox 1950 3361 2064 3397; x_wconf 83' lang='lat' dir='ltr'>neque</span> <span class='ocrx_word' id='word_1_786' title='bbox 2085 3351 2283 3398; x_wconf 79' lang='lat' dir='ltr'>expetenda</span> 
     </span>
    </p>
   </div>
  </div>
 </body>
</html>
