2361 3643
119 137 203 174 Vnt
950 129 1469 170 PRAEFATIO.

121 239 239 267 verso
281 223 393 266 titulo
434 222 495 266 bis
535 228 699 279 recepta
731 225 810 270 est,
849 232 1018 261 mecum
1056 216 1102 260 L.
1140 217 1188 262 B.
1219 218 1396 279 optabis,
1436 228 1482 264 ut
1521 221 1718 267 editorem
1757 225 1862 269 sicut
1890 226 1933 270 in
1968 226 2270 275 Mathematieis

119 298 455 353 Mathematicus,
493 300 547 342 ita
577 299 618 341 in
648 293 949 353 Philosophicis
978 293 1146 340 edendis
1176 297 1238 339 vir
1268 295 1487 354 adjuvisset
1516 297 1771 356 philosophia
1803 301 2158 365 qualitercumque
2186 308 2265 350 im-

118 376 250 419 butus.
303 375 420 419 Haec
450 382 512 418 est
540 374 645 417 illius
676 370 863 414 editionis
891 370 1060 414 indoles.
1108 372 1228 427 Quae
1258 380 1396 416 utrum
1429 375 1607 418 effecerit
1636 382 1680 418 ut
1701 374 1885 421 Leibnitii
1914 378 2173 442 philosophia
2194 399 2264 426 us-

120 469 201 511 que
238 452 289 494 ad
326 458 511 494 nostrum
550 456 715 507 tempus
754 447 858 491 adeo
897 446 1194 507 negligeretur,
1233 463 1285 491 an
1325 448 1400 493 hac
1438 450 1684 510 negligentia
1723 454 1878 495 factum
1915 456 1965 498 sit
2002 463 2047 500 ut
2077 457 2266 503 Leibnitii

120 544 246 587 opera
277 526 557 586 philosophica
589 531 673 567 tam
704 522 814 567 male
846 522 910 566 edi
940 526 1157 583 potuerint,
1188 524 1382 585 equidem
1417 541 1500 570 non
1531 527 1762 584 dijudicem.
1823 527 1917 571 Hoc
1948 539 2056 577 certe
2086 537 2192 588 scio,
2222 537 2265 578 in

119 605 295 647 editione
339 602 406 645 illa
452 600 581 644 multa
627 615 752 660 posse
797 600 1039 655 desiderari,
1087 610 1125 646 et
1164 603 1222 658 (si
1272 602 1542 647 novissimum
1589 605 1793 648 exemeris
1842 603 2043 661 lustrum)
2077 607 2264 654 Leibnitii

118 679 415 739 philosophiam
446 677 541 736 plus
568 679 680 736 justo
710 676 875 737 negligi.

232 757 344 800 Cum
374 761 469 799 ante
500 761 676 813 quatuor
706 769 836 797 annos
866 767 965 796 eum
996 752 1047 796 ad
1078 752 1241 798 scholas
1270 753 1527 798 acedemieas
1556 755 1780 809 habendaS,
1811 763 1901 800 tum
1933 756 1986 801 ad
2006 771 2260 818 componen-

115 832 210 875 dam
247 846 386 874 meam
424 829 718 888 Philosophiae
756 830 992 874 recentioris
1022 829 1253 883 historiam,
1290 831 1331 873 in
1369 845 1492 889 opera
1522 832 1711 876 Leibnitii
1741 833 1973 876 accuratius
2002 835 2265 893 inquirerem,

117 908 255 952 onmia
291 906 361 950 illa
392 922 501 965 quae
530 907 645 951 innui
674 905 775 949 mihi
806 906 1012 949 obvenere
1041 905 1345 964 impedimenta.
1409 907 1527 961 Quae
1556 915 1602 951 ut
1633 916 1925 953 amoverentur
1954 911 2136 968 primum
2167 920 2264 962 erat,

113 1000 241 1043 opera
269 983 458 1027 Leibnitii
493 983 535 1026 in
574 989 734 1027 certum
775 984 963 1026 ordinem
1000 983 1198 1041 redigere.
1261 983 1357 1038 Qua
1393 983 1435 1026 in
1473 999 1515 1026 re
1554 982 1776 1028 elaboranti
1816 984 1936 1030 valde
1968 985 2122 1044 placuit
2152 988 2264 1046 quod

113 1061 337 1121 proposuit
367 1058 583 1102 Eichlerus
614 1058 851 1118 bibliopola,
891 1066 936 1102 ut
973 1059 1013 1102 in
1045 1058 1203 1102 officina
1234 1074 1310 1102 sua
1341 1059 1478 1102 onmia
1506 1057 1692 1102 Leibnitii
1723 1075 1848 1120 opera
1878 1061 2161 1123 philosophica
2191 1062 2262 1106 de-

114 1153 199 1182 nuo
233 1136 413 1180 ederem.
473 1135 606 1178 Erunt
645 1136 715 1194 qui
752 1135 909 1178 rideant
945 1136 979 1177 si
1019 1134 1069 1177 de
1100 1133 1275 1178 editione
1305 1134 1486 1176 critica
1516 1133 1682 1192 loquar,
1713 1151 1811 1179 cum
1840 1137 1892 1181 de
1921 1146 2090 1183 auctore
2120 1146 2265 1198 agatur

115 1213 306 1258 seculum
337 1212 486 1256 abhinc
517 1212 722 1265 defuncto,
752 1214 872 1270 eujus
903 1225 1030 1269 opera
1060 1209 1161 1252 dum
1191 1210 1279 1268 ipse
1309 1209 1465 1252 viveret
1493 1211 1599 1267 typis
1630 1226 1825 1269 expressa
1856 1214 1944 1257 sint.
1993 1216 2045 1258 At
2075 1221 2265 1258 crescunt

113 1306 275 1334 errores
306 1289 466 1332 etiamsi
495 1289 536 1331 in
567 1288 802 1331 seculorum
833 1286 1006 1346 pulvere
1036 1301 1120 1329 non
1151 1285 1392 1328 radicentur.
1440 1284 1521 1327 Vel
1552 1285 1663 1342 apud
1694 1300 1778 1338 eOS,
1810 1289 1880 1345 qui
1909 1288 2030 1345 primi
2059 1289 2113 1330 de
2139 1288 2263 1330 Leib-

117 1369 204 1411 nitii
242 1367 436 1426 operibus
466 1366 719 1407 mentionem
749 1364 924 1415 faciunt,
963 1360 1117 1404 multos
1146 1361 1326 1419 reperire
1354 1359 1448 1403 licet
1480 1375 1658 1414 errores,
1689 1363 1760 1421 qui
1789 1362 1884 1404 inde
1915 1361 1965 1405 ab
1997 1376 2047 1405 eo
2077 1369 2266 1420 tempore

111 1460 195 1487 non
225 1443 397 1486 correcti
418 1456 620 1500 persaepe
640 1439 847 1498 hodieque
867 1445 1116 1498 repetuntur.
1155 1436 1280 1489 Nam,
1310 1443 1355 1480 ut
1375 1451 1507 1480 unum
1537 1453 1744 1491 moneam,
1774 1453 1911 1497 neque
1929 1437 2157 1482 Jaucourto
2187 1454 2262 1483 ne—

112 1535 194 1578 que
225 1517 452 1562 Ludovieio
492 1533 629 1576 neque
659 1515 863 1558 Dutensio
901 1514 1003 1558 fides
1041 1512 1248 1565 habenda,
1287 1528 1386 1556 cum
1417 1512 1468 1557 de
1498 1520 1685 1574 tempore
1716 1515 1849 1574 agitur
1880 1529 1963 1574 qua
1993 1515 2157 1574 scriptio
2187 1514 2261 1557 ali-

113 1612 195 1654 qua
225 1596 408 1654 primum
439 1593 544 1637 edita
576 1594 636 1635 sit.
696 1591 838 1650 Itaque
868 1606 1039 1635 neccsse
1071 1597 1157 1634 erat
1187 1596 1230 1632 ut
1261 1589 1457 1648 quodque
1488 1605 1606 1648 opus,
1636 1591 1877 1650 priusquam
1906 1606 2005 1634 cum
2023 1590 2263 1635 collectione

113 1688 207 1714 mea
257 1684 624 1729 concorporarem,
671 1683 720 1711 eo
761 1668 852 1711 loeo
890 1669 1178 1726 investigarem
1217 1681 1299 1724 quo
1339 1667 1471 1724 primo
1510 1666 1745 1725 vulgatum,
1792 1674 1832 1709 et
1868 1682 1966 1710 cum
2003 1666 2262 1711 Dutensiana

113 1748 290 1792 editione
322 1749 563 1790 conferrem.

226 1824 326 1867 Duo
359 1824 584 1882 praecipue
623 1828 757 1874 erant,
798 1835 906 1880 quae
944 1822 985 1863 in
1022 1818 1265 1863 instituenda
1304 1834 1399 1863 mea
1439 1819 1614 1864 editione
1655 1820 1910 1864 observanda
1940 1823 2095 1880 putavi.
2154 1819 2260 1863 Pri-

113 1917 264 1954 mum,
303 1907 348 1943 ut
385 1900 427 1943 in
458 1906 617 1943 certum
649 1898 834 1942 ordinem
856 1911 982 1955 opera
1013 1895 1293 1956 philosophica
1324 1895 1511 1941 Leibnitii
1548 1897 1843 1957 redigerentur,
1873 1913 1897 1940 e
1926 1903 2165 1956 temporum
2194 1911 2261 1938 ra-

113 1977 289 2021 tionibus
320 1976 574 2035 disponenda
604 1991 653 2018 ea
680 1974 871 2034 judicavi.
919 1974 1014 2028 Qua
1043 1973 1084 2016 in
1115 1988 1161 2016 re
1191 1988 1282 2015 eam
1307 1980 1477 2018 secutus
1502 1989 1597 2016 sum
1627 1974 1841 2026 rationem,
1871 1980 1917 2016 ut
1938 1972 2136 2024 elibellis,
2157 1987 2263 2031 quos

114 2056 203 2113 ipse
233 2051 460 2095 Leibnitius
492 2052 728 2111 divulgavit,
760 2065 971 2111 quemque
1002 2050 1038 2092 ei
1069 2064 1176 2093 anno
1209 2049 1496 2103 adscriberem,
1528 2065 1610 2108 quo
1642 2051 1821 2108 primum
1852 2050 1960 2109 typis
1990 2064 2172 2093 excusus
2193 2055 2264 2091 est·

114 2131 158 2173 ln
189 2129 381 2188 operibus
404 2137 556 2182 autem,
587 2136 656 2172 aut
676 2136 770 2188 post
790 2127 980 2171 Leibnitii
1001 2125 1158 2169 obitum
1179 2133 1247 2169 aut
1267 2127 1452 2170 nondum
1475 2126 1608 2169 adhuc
1638 2126 1764 2179 editis,
1793 2125 2072 2169 ratiocinando
2099 2132 2266 2182 tempus

114 2205 407 2250 inveniendum
430 2213 515 2249 erat
539 2221 622 2263 quo
645 2206 877 2262 conscripta
908 2219 999 2247 csse
1029 2204 1116 2245 veri
1145 2202 1395 2246 simillimum
1426 2210 1543 2247 esset.
1591 2202 1785 2246 Adferam
1811 2201 1982 2261 posthac
2011 2207 2267 2260 argumenta,

111 2298 220 2341 quae
249 2289 295 2325 ut
325 2282 650 2340 unumquodque
676 2297 780 2340 opus
811 2280 906 2322 huic
937 2279 1199 2337 potissimum
1220 2281 1393 2337 tempori
1413 2279 1647 2330 tribuerem,
1678 2278 1778 2321 mihi
1799 2293 1977 2320 suasere.
2015 2277 2266 2327 Alterum,

118 2375 217 2403 ¹cum
248 2374 438 2402 curarem
469 2365 526 2410 ut,
557 2364 756 2416 quantum
787 2371 967 2414 possem,
990 2356 1129 2398 omnia
1160 2370 1429 2413 congererem
1450 2353 1638 2397 Leibnitii
1670 2368 1795 2413 opera
1827 2368 1934 2411 quae
1955 2351 2266 2411 Philosophiam

116 2442 320 2494 spectant,
359 2450 442 2477 non
482 2433 616 2476 solum
659 2432 787 2476 multa
828 2448 936 2491 quae
973 2433 1016 2475 in
1055 2431 1230 2474 editione
1260 2430 1518 2474 Dutensiana
1550 2430 1638 2473 aliis
1670 2428 1871 2473 classibus
1904 2427 2107 2488 adscripta
2138 2435 2266 2471 erant.

118 2513 192 2554 sed
225 2513 349 2555 etiam
380 2526 507 2570 opera
537 2509 757 2568 posthuma
797 2524 821 2551 a
866 2509 1022 2566 ltaspio
1055 2508 1160 2550 edita
1198 2506 1360 2550 editioni
1406 2521 1526 2549 meae
1571 2505 1787 2549 inserenda
1818 2505 1972 2548 censui.
2034 2506 2147 2547 Cum
2167 2519 2265 2546 vero

117 2589 296 2648 ltaspius
335 2594 427 2647 post
466 2585 652 2628 Leibnitii
689 2585 846 2627 obitum
884 2592 968 2627 tam
1007 2583 1136 2627 multa
1177 2584 1401 2641 reperisset
1436 2583 1587 2641 ingenii
1626 2584 1713 2640 ejus
1753 2587 2043 2634 monumenta,
2079 2596 2154 2624 cur
2183 2594 2267 2623 non

115 2664 369 2723 speraverim
399 2665 486 2705 sore
518 2668 574 2713 ut,
604 2663 713 2703 sonte
742 2661 809 2704 illo
841 2677 925 2704 non
955 2660 1077 2720 plane
1116 2659 1340 2712 exhausto,
1372 2659 1622 2702 llanoverae
1652 2659 1691 2701 in
1720 2656 1965 2701 bibliotheca
1985 2657 2117 2715 Regia
2142 2670 2268 2714 opera

116 2741 305 2784 Leibnitii
335 2740 565 2782 invenirem
596 2737 781 2780 nondum
813 2737 917 2780 edita
950 2745 989 2780 et
1019 2737 1141 2793 digna
1174 2752 1283 2795 quac
1314 2737 1422 2778 toras
1454 2734 1656 2778 darentur.
1720 2735 1946 2789 Quaerenti
1975 2731 2076 2776 mihi
2115 2747 2190 2791 per
2215 2730 2264 2772 li-

120 2826 238 2869 teras,
270 2831 463 2859 summus
494 2814 613 2871 Regii
646 2813 830 2856 tabularii
861 2821 901 2856 et
930 2813 1199 2856 bibliothecae
1229 2813 1471 2871 praefecum,
1503 2812 1551 2854 cl.
1583 2811 1781 2862 Pennus,
1813 2825 1861 2853 ea
1893 2824 1989 2852 cum
2020 2806 2267 2863 benignitate

119 2893 347 2951 respondit,
379 2906 506 2951 quam
537 2889 659 2932 amici
689 2896 808 2931 antea
835 2891 921 2947 jam
950 2890 1237 2943 laudaverant,
1270 2903 1396 2946 quam
1426 2895 1569 2946 postca
1598 2889 1688 2946 ipse
1709 2893 1902 2946 expertus
1929 2898 2034 2926 sum.
2094 2881 2267 2938 Scripsit

118 2973 248 3022 enim,
279 2968 409 3012 multa
438 2969 480 3011 in
511 2964 753 3009 bibliotheca
784 2964 851 3007 illa
883 2981 977 3007 esse
1007 2964 1194 3008 Leibnitii
1225 2964 1345 3008 MSS.
1377 2964 1562 3008 nondum
1593 2964 1697 3006 edita
1728 2964 1851 3005 etiam
1883 2960 1933 3003 ad
1962 2956 2266 3018 philosophiam

121 3047 367 3103 pertinentia.
427 3042 563 3088 Simul
602 3040 799 3083 auxilium
840 3040 940 3082 dum
982 3042 1166 3083 venerim
1205 3041 1398 3097 promisit.
1459 3040 1610 3099 Neque
1648 3055 1716 3082 me
1754 3036 1891 3080 fefellit
1929 3037 1989 3077 vir
2026 3048 2265 3092 generosus-

122 3122 286 3179 Quippe
307 3137 405 3164 cum
426 3127 625 3162 autumno
643 3119 737 3160 anni
759 3116 1175 3160 MDCCCA'XXVL
1207 3116 1473 3161 Ilanovcram
1494 3132 1563 3159 me
1583 3113 1860 3164 contulissem,
1890 3125 1988 3154 mox
2008 3108 2108 3151 mihi
2128 3116 2268 3165 aperta

126 3204 220 3239 sunt
256 3196 322 3238 illa
363 3197 510 3240 scrinia
549 3209 728 3254 quorum
767 3210 834 3236 me
866 3193 1113 3236 desiderium
1145 3191 1349 3237 allexerat.
1412 3198 1554 3249 Quum
1589 3193 1630 3234 in
1660 3188 1903 3233 bibliotheca
1933 3187 2063 3243 Regia
2093 3184 2269 3226 schedae

125 3273 399 3315 Leibnitianae
430 3272 660 3316 seeundum
690 3277 935 3327 argumenta
967 3277 1005 3312 et
1035 3267 1214 3311 indolem
1246 3270 1328 3325 jam
1359 3271 1437 3312 sint
1467 3268 1706 3325 dispositae,
1738 3266 1870 3323 primo
1901 3263 2043 3307 obtutu
2075 3260 2169 3315 vidi,
2199 3276 2267 3302 me

124 3365 205 3392 non
244 3350 391 3392 frustra
432 3351 603 3394 venisse.
665 3347 776 3392 Nam
815 3353 974 3408 praeter
1010 3345 1077 3390 illa
1118 3361 1225 3403 quae
1265 3345 1385 3390 edidit
1415 3345 1614 3404 ltaspius,
1654 3341 1871 3386 duodecim
1909 3340 1962 3385 ibi
2009 3343 2269 3381 asservantur
