2361 3643
885 111 923 149 L.
985 111 1051 148 DE
1080 111 1187 148 IPSA
1218 111 1433 149 NATURA.

80 219 168 257 pore
187 207 238 254 B,
268 206 470 253 quiescente
489 205 579 241 nihil
602 205 741 242 differet
752 214 761 252 3
789 208 1064 253 sequereturque
1084 215 1131 241 ex

79 265 269 303 clarissimi
297 264 367 300 viri
394 265 592 313 sententia,
622 265 652 300 si
674 266 781 301 nobis
802 276 844 301 ea
865 265 901 300 in
922 276 961 300 re
983 265 1132 300 adversa

81 327 191 371 esset,
220 323 361 359 nullum
388 324 495 370 plane
523 324 717 360 discrimen
742 324 780 358 in
802 323 1012 370 corporibus
1041 324 1128 369 fore,

83 383 229 431 quando
258 383 405 429 quidem
431 383 468 417 in
492 383 602 429 pleno
629 382 818 418 uniformis
846 394 909 429 per
936 394 974 417 se
994 392 1132 417 massae

83 442 297 487 discrimen,
329 442 398 477 nisi
426 441 472 476 ab
503 452 546 477 eo
574 441 670 487 quod
698 444 838 476 motum
865 441 1012 488 respicit
1038 439 1132 475 sumi

81 512 154 537 non
174 503 306 547 potest.
352 500 457 535 Unde
480 500 591 535 etiam
611 501 766 546 amplius
782 500 930 535 tandem
946 500 1130 544 efficietur,

80 560 171 596 nihil
190 569 336 606 prorsus
365 558 497 594 variari
525 559 564 593 in
583 558 805 605 corporibus,
827 559 1022 604 omniaque
1039 568 1133 593 sem-

82 630 145 666 per
164 619 292 656 eodem
308 629 345 652 se
361 617 493 652 habere
508 617 629 652 modo.
660 617 756 653 Nam
771 617 802 652 si
818 617 990 653 materiae
1013 616 1132 664 portio

81 677 229 724 quaevis
265 676 312 712 ab
348 676 421 711 alia
457 676 600 722 aequali
640 679 677 711 et
713 686 871 722 congrua
905 687 980 711 11011
1014 676 1134 711 differt

84 733 211 785 (quod
240 734 508 770 admittendum
536 736 590 769 est
618 745 640 770 a
670 734 750 771 viro
778 734 819 770 cl.
850 734 987 770 viribus
1008 733 1134 770 activis

82 794 335 841 impetibusve‚
358 796 394 829 et
410 793 692 839 quibuscumque
707 793 800 839 aliis,
818 797 963 840 praeter
978 793 1135 829 existen-

82 853 173 888 tiam
209 852 249 887 in
279 853 347 888 hoc
380 852 477 898 loco,
513 852 708 887 successive
746 854 904 887 futuram
938 852 1047 888 aliam
1077 851 1135 887 vel

82 911 213 957 aliam,
249 910 484 957 qualitatibus
519 910 920 958 modificationibusque
956 910 1134 955 sublatis)

81 980 124 1005 ac
151 972 341 1016 praeterea
371 969 401 1004 si
431 969 538 1004 unius
558 970 734 1005 momenti
756 973 870 1005 status
883 975 912 1005 a
932 974 1028 1006 statu
1048 969 1136 1005 alte-

82 1028 157 1064 rius
176 1028 354 1064 momenti
374 1038 449 1063 non
472 1028 545 1063 nisi
566 1028 848 1076 transpositione
868 1029 1073 1075 aequalium
1101 1030 1137 1064 et

82 1098 322 1134 congruarum
349 1090 387 1122 et
413 1098 479 1133 per
506 1087 630 1123 onmia
650 1088 945 1123 convenientium
965 1087 1138 1123 materiae

83 1146 294 1193 portionum
328 1145 470 1191 differt,
506 1146 738 1181 manifestum
764 1150 819 1182 est
847 1147 895 1182 ob
925 1149 1137 1193 perpetuam

83 1205 381 1241 substitutionem
408 1204 776 1252 iinlistinguibiliimi,
805 1206 994 1252 consequi,
1024 1209 1063 1241 ut
1083 1204 1137 1240 di-

84 1275 272 1300 versorum
298 1266 568 1299 momentorum
597 1266 710 1298 status
740 1264 778 1299 in
808 1264 944 1299 mundo
964 1274 1137 1311 corporeo

86 1322 326 1359 discriminari
347 1322 447 1357 nullo
470 1322 580 1357 modo
601 1322 752 1368 possint.
803 1322 1018 1358 Extrinseca
1039 1322 1139 1357 enim

84 1384 228 1417 tantum
255 1383 348 1416 foret
374 1380 644 1426 denominatio,
673 1390 744 1426 qua
763 1380 1044 1427 distingueretur
1064 1391 1140 1415 ma-

85 1440 197 1475 teriae
216 1450 299 1486 pars
319 1449 391 1474 una
411 1439 458 1474 ab
480 1439 572 1484 alia,
601 1449 731 1485 nempe
751 1450 773 1474 a
794 1441 927 1486 futuro,
955 1439 1053 1486 quod
1074 1438 1140 1474 sci-

85 1499 167 1534 licet
190 1498 427 1544 imposterum
457 1498 505 1533 sit
534 1498 655 1532 futura
674 1497 747 1533 alio
768 1497 826 1533 vel
846 1498 919 1533 alio
934 1498 1037 1543 10003
1073 1497 1140 1532 1111-

85 1557 372 1604 praesentiarum
393 1568 479 1592 vero
500 1556 694 1592 discrimen
723 1559 777 1591 est
806 1557 968 1602 nullum3
996 1557 1071 1592 imo
1092 1567 1139 1590 ne

85 1627 109 1652 a
129 1617 250 1652 futuro
278 1616 425 1663 quidem
444 1627 527 1651 011111
547 1615 783 1651 131111311101110
805 1619 1024 1663 sumeretur,
1054 1614 1140 1661 quia

85 1686 273 1721 nunquam
291 1675 403 1711 etiam
421 1675 658 1722 imposterum
673 1675 720 1709 ad
737 1685 860 1710 verum
875 1675 1023 1721 aliquod
1038 1685 1140 1721 prae-

89 1744 169 1769 sens
196 1733 390 1769 discrimen
416 1734 665 1779 deveniretur3
695 1744 778 1768 eum
797 1744 864 1770 nec
884 1734 983 1770 10033
1003 1745 1026 1769 3
1046 1734 1138 1779 1000,

89 1803 155 1827 1100
176 1792 327 1828 31310113
354 1804 377 1828 3
396 1792 549 1828 materia
569 1791 732 1835 ejusdem
752 1792 822 1828 loci
851 1789 928 1842 (ex
948 1791 1140 1839 hypothesi

89 1852 267 1898 perfectae
283 1851 378 1886 illius
399 1851 656 1887 uniformitatis
672 1851 710 1886 in
725 1851 804 1897 ipsa
819 1847 993 1900 materia)
1012 1851 1141 1887 distin-

89 1909 150 1956 gui
170 1909 245 1945 ulla
264 1913 352 1945 nota
372 1911 489 1956 queat.
519 1909 667 1945 Frustra
683 1910 796 1945 etiam
811 1911 858 1946 ad
874 1911 1023 1957 figuram
1038 1921 1139 1956 prae-

89 1971 146 2004 ter
172 1970 314 2003 motum
339 1970 586 2004 recurreretur.
648 1968 744 2004 Nam
770 1968 809 2003 in
835 1979 954 2004 massa
982 1970 1140 2015 perfecte

89 2026 241 2063 similari
261 2030 298 2062 et
319 2027 606 2062 indiscriminata
626 2030 661 2062 et
689 2027 815 2074 plena,
845 2027 946 2062 nulla
967 2028 1082 2063 oritur
1102 2028 1141 2062 fi·
1159 2063 1161 2065 ,

89 2096 179 2134 gura
212 2096 275 2122 seu
301 2085 512 2122 terminatio
537 2085 695 2132 partium
715 2086 938 2122 diversarum
957 2097 999 2122 ac
1019 2085 1142 2121 discri-

89 2144 261 2192 minatio,
289 2144 361 2179 nisi
386 2144 433 2179 ab
468 2145 548 2191 ipso
573 2147 686 2180 motu.
745 2144 883 2186 Quodsi
912 2156 997 2191 ergo
1020 2147 1141 2180 motus

90 2204 229 2239 nullam
249 2203 496 2249 distinguendi
516 2206 644 2239 notam
664 2203 838 2250 continet,
868 2204 1009 2239 nullam
1030 2204 1141 2239 etiam

89 2264 222 2310 figurae
237 2262 427 2309 Iargietur3
449 2264 485 2297 et
500 2273 582 2298 eum
598 2262 733 2308 omnia,
755 2273 847 2308 quae
862 2263 1042 2309 prioribus
1057 2262 1141 2297 sub-

89 2321 308 2367 stituuntur,
334 2322 491 2367 perfecte
518 2321 806 2368 aequipolleant,
835 2322 977 2357 nullum
998 2321 1055 2357 vel
1075 2320 1142 2356 mi-

90 2380 231 2416 nimum
259 2380 471 2415 mutationis
496 2380 672 2416 indicium
698 2391 720 2415 a
740 2390 953 2426 quocunque
974 2381 1142 2416 observa-

92 2442 187 2484 tore,
222 2439 333 2474 etiam
362 2439 558 2486 omniscio,
588 2439 892 2485 deprehendetur3
920 2450 962 2474 ac
989 2439 1142 2486 proinde

92 2497 216 2533 01111113
242 2497 391 2543 perinde
417 2501 540 2543 erunt,
569 2509 611 2533 30
640 2498 671 2532 31
690 2497 846 2533 1111113110
866 2498 1145 2534 discriminatio-

93 2566 161 2602 que
189 2556 290 2590 nulla
317 2555 357 2589 in
385 2556 597 2602 corporibus
616 2556 858 2603 contingeret:
890 2568 957 2592 nec
982 2567 1144 2603 unquam

94 2614 178 2649 inde
204 2613 307 2648 reddi
334 2614 468 2660 poterit
494 2614 589 2649 ratio
616 2614 839 2649 diversarum
859 2625 948 2661 quas
968 2616 1143 2650 sentimus

93 2671 398 2720 apparentiarum.
459 2672 505 2706 Et
530 2672 679 2718 perinde
702 2684 758 2707 res
779 2674 889 2718 foret,
919 2684 960 2708 30
981 2674 1011 2708 31
1032 2674 1144 2719 finge-

93 2742 215 2767 remus
245 2731 333 2766 duas
361 2730 527 2776 sphaeras
547 2730 790 2766 concentricas
811 2733 986 2777 perfectas
1007 2734 1042 2766 et
1064 2743 1143 2777 per-

93 2792 185 2826 fecte
205 2793 281 2825 tam
302 2789 396 2823 inter
419 2799 468 2835 se,
489 2798 598 2834 quam
618 2788 656 2822 in
676 2789 838 2835 partibus
860 2789 933 2824 suis
953 2789 1141 2836 similares,

93 2850 246 2885 alteram
273 2847 377 2883 alteri
394 2846 456 2882 *ita
482 2847 657 2882 inclusam
684 2858 781 2893 esse,
812 2850 852 2882 ut
878 2858 944 2882 1100
971 2848 1143 2882 minimus
1174 2861 1175 2880 l

94 2907 141 2942 sit
160 2907 296 2951 hiatus3
328 2909 414 2941 tunc
435 2905 511 2940 sive
531 2905 629 2941 volvi
649 2905 843 2950 inclusam,
866 2905 942 2939 sive
962 2906 1142 2951 quiescere

94 2976 293 3012 ponamus,
320 2976 367 2999 110
387 2964 535 3010 angelus
556 2964 718 3010 quidem,
741 2974 787 2998 ne
807 2963 894 3008 quid
914 2964 1069 3010 amplius
1090 2964 1145 2999 di-
1174 2978 1176 2982 ·

95 3034 185 3070 eam,
213 3024 328 3059 ullum
355 3023 487 3070 poterit
512 3026 641 3058 notare
667 3022 861 3057 discrimen
887 3021 982 3057 inter
1009 3022 1144 3057 diversi
1174 3042 1177 3072 2

95 3082 269 3128 temporis
297 3084 428 3128 status,
457 3084 519 3116 aut
546 3080 718 3116 indicium
746 3080 877 3116 habere
905 3080 1141 3128 discernendi,

95 3143 218 3175 utrum
237 3140 397 3187 quiescat
416 3150 465 3175 an
483 3140 652 3175 volvatur
671 3140 808 3175 inclusa
827 3139 995 3185 sphaera,
1018 3142 1054 3174 et
1073 3149 1144 3185 qua

97 3202 217 3234 motus
236 3199 324 3245 lege.

375 3198 454 3234 Imo
474 3209 520 3234 ne
543 3198 646 3234 limes
666 3198 811 3244 quidem
832 3197 1063 3244 sphaerarum
1083 3198 1144 3233 de·
1176 3209 1178 3216 ’

97 3257 193 3292 finiri
210 3257 354 3304 poterit,
377 3257 424 3292 ob
451 3256 631 3292 defectum
649 3256 756 3292 simul
775 3257 893 3292 hiatus
915 3258 950 3291 et
970 3255 1144 3291 discrimi-
1176 3270 1177 3307 3

98 3315 177 3362 nis3
208 3316 260 3352 uti
287 3318 408 3352 motus
437 3316 495 3351 vel
516 3315 564 3352 ob
584 3316 703 3352 solum
725 3314 943 3352 discriminis
965 3315 1143 3352 defectum
1175 3321 1178 3364 1
1213 3311 1244 3357 §.
1293 3315 1356 3351 12.

2162 105 2245 148 159

1198 205 1344 252 agnosci
1379 205 1435 241 hic
1470 205 1608 252 nequit.
1667 204 1772 241 Unde
1806 215 1873 252 pro
1907 207 2006 241 certo
2040 203 2247 241 habendum

1200 259 1299 313 (etsi
1326 265 1393 299 hoc
1413 263 1533 299 minus
1553 264 1794 311 adverterint,
1823 264 1885 310 qui
1904 264 1991 299 satis
2011 264 2083 300 alte
2102 264 2142 299 in
2161 264 2247 299 haec

1198 334 1274 358 non
1300 323 1563 369 1101101131010)
1592 323 1680 358 talia
1707 334 1729 358 a
1750 333 1872 359 rerum
1898 326 2029 358 natura
2055 326 2163 369 atque
2191 334 2248 359 or-

1199 381 1285 417 dine
1306 393 1383 416 esse
1404 382 1535 427 aliena,
1564 381 1775 428 nullumque
1796 382 1939 428 uspiam
1960 382 2038 417 dari
2060 377 2174 430 (quod
2194 382 2248 417 in-

1199 443 1254 476 ter
1274 451 1370 476 nova
1404 443 1440 475 ct
1468 439 1608 483 majora
1635 441 1823 475 axiomata
1843 451 1924 476 mea
1943 436 2022 490 est)
2050 442 2249 488 perfectam

1200 499 1488 544 similaritatem3
1516 497 1617 542 cujus
1637 499 1689 533 rei
1708 509 1933 544 consequens
1955 500 2066 534 etiam
2086 503 2158 546 est,
2180 510 2247 535 nec

1198 557 1408 604 corpuscula
1429 560 1613 592 extremae
1634 556 1797 604 duritiei,
1825 568 1890 593 1100
1909 558 2061 593 1131113111
2087 569 2250 594 3311111130

1199 616 1406 663 tenuitatis,
1428 616 1663 651 materiamve
1684 616 1856 651 subtilem
1871 616 2122 653 universaliter
2143 617 2250 653 diffu-

1200 686 1297 721 sam,
1326 677 1389 710 aut
1415 675 1544 711 ultima
1574 674 1771 721 elementa,
1802 685 1894 720 quae
1920 675 2026 721 primi
2058 676 2250 711 seeundive

1200 734 1418 781 quibusdam
1433 733 1582 768 nomine
1597 733 1760 780 veniunt,
1778 732 1817 767 in
1832 736 1962 769 natura
1976 735 2137 781 reperiri.
2154 734 2250 776 Quo-

1199 804 1281 829 rum
1308 804 1390 828 cum
1416 791 1584 827 nonnihil
1604 791 1845 839 perspexisset
1868 788 1930 841 (ut
1952 788 2132 842 arbitror)
2154 794 2214 828 Ar
2223 793 2252 828 i-

1200 852 1414 897 stoteles,
1445 850 1661 898 profundior
1680 861 1762 886 mea
1782 850 1980 898 sententia,
2008 862 2118 898 quam
2147 852 2253 887 multi

1201 913 1342 958 putant,
1358 909 1547 957 judicavit,
1569 912 1712 956 praeter
1726 910 1967 945 mutationem
1987 910 2139 946 localem
2160 921 2252 957 opus

1203 980 1283 1004 0330
1304 969 1536 1015 alteratione,
1564 979 1630 1004 nec
1650 969 1842 1004 materiam
1862 969 1996 1014 ubique
2016 969 2087 1004 sibi
2108 980 2185 1004 esse
2206 969 2254 1004 si-

1203 1029 1349 1074 milem,
1377 1039 1423 1063 ne
1443 1030 1589 1062 maneat
1610 1027 1846 1063 invariabilis
1906 1027 2173 1063 Dissimilitudo
2193 1038 2255 1063 au-

1204 1090 1278 1123 tem
1312 1087 1394 1133 illa,
1429 1086 1488 1122 vel
1522 1086 1741 1133 qualitatum
1775 1086 1984 1133 diversitaS,
2020 1090 2129 1133 atque
2164 1086 2256 1122 adeo

1205 1134 1434 1186 οέλλόιωσις
1462 1145 1522 1180 vel
1541 1145 1727 1192 alteratio,
1755 1155 1865 1191 quam
1884 1155 1961 1181 non
1980 1146 2068 1181 satis
2088 1145 2257 1191 exposuit

1204 1204 1511 1251 Aristoteles,
1542 1203 1630 1250 ipsis
1651 1203 1803 1239 diversis
1831 1204 1977 1239 nisuum
2005 1204 2176 1250 gradibus
2203 1203 2256 1239 di-

1204 1263 1513 1309 motionibusque,
1550 1263 1819 1310 monadumque
1853 1263 1944 1299 adeo
1980 1262 2256 1298 inexistentium

1205 1322 1536 1357 modificationibus
1563 1321 1758 1357 obtinetur.
1804 1322 1862 1357 Ex
1881 1320 2011 1368 quibus
2031 1322 2183 1369 proinde
2202 1321 2257 1356 in-

1206 1380 1323 1426 telligi
1351 1383 1460 1427 puto,
1491 1380 1694 1416 necessario
1721 1380 1820 1416 aliud
1848 1381 1980 1416 debere
2007 1380 2095 1428 poni
2122 1381 2161 1416 in
2181 1391 2258 1416 eor-

1206 1438 1375 1486 poribus,
1411 1449 1521 1484 quam
1548 1450 1707 1474 massam
1728 1439 1964 1486 uniformem,
2000 1440 2147 1486 eiusque
2167 1438 2258 1474 nihil

1207 1498 1332 1543 utique
1374 1497 1610 1532 immaturam
1645 1498 2000 1545 transportationem.
2067 1499 2161 1534 Sane
2195 1497 2258 1544 qui

1206 1560 1349 1592 atomos
1371 1558 1407 1591 et
1427 1567 1579 1591 vacuum
1599 1556 1744 1603 habent,
1765 1568 1841 1592 non
1860 1557 1951 1592 nihil
1966 1557 2094 1592 saltem
2109 1555 2260 1592 diversi-

1207 1616 1315 1651 ficant
1335 1614 1538 1662 materiam,
1562 1615 1649 1650 dum
1669 1615 1758 1651 alibi
1778 1615 1914 1651 faciunt
1933 1615 2152 1663 partibilem,
2169 1614 2259 1651 alibi

1207 1674 1485 1721 impartibilem,
1503 1677 1539 1709 et
1555 1684 1628 1709 uno
1644 1674 1723 1709 1000
1739 1675 1896 1722 plenam,
1908 1675 1980 1710 alio
1995 1674 2169 1711 hiantem.
2190 1673 2260 1709 Sed

1208 1733 1270 1769 diu
1287 1736 1353 1779 est,
1368 1732 1465 1778 quod
1480 1732 1697 1777 rejiciendos
1715 1744 1793 1768 esse
1808 1736 1949 1769 atomos
1964 1743 2047 1768 cum
2060 1745 2172 1769 vacuo
2182 1728 2260 1782 (de-

1207 1792 1327 1840 posito
1338 1791 1540 1836 juventutis
1558 1788 1797 1841 praejudicio)
1813 1792 2039 1839 deprehendi.
2074 1792 2189 1827 Addit
2205 1791 2260 1826 vir

1207 1850 1464 1887 celeberrimus
1486 1851 1661 1886 materiae
1680 1851 1913 1887 existentiam
1936 1862 2001 1898 per
2020 1851 2164 1887 diversa
2183 1861 2261 1886 mo-

1207 1913 1329 1945 menta
1357 1910 1589 1945 tribuendam
1619 1920 1695 1945 esse
1729 1910 1873 1945 divinae
1910 1910 2105 1955 voluntati,
2134 1909 2261 1956 quidni

1207 1980 1293 2015 ergo
1323 1967 1502 2015 (inquit)
1532 1968 1649 2004 eidem
1676 1968 1858 2004 tribuatur
1885 1969 1982 2015 quod
2002 1969 2127 2004 existit
2147 1968 2203 2005 hic
2223 1970 2261 2003 et

1207 2027 1325 2062 111111οΞ
1386 2027 1620 2074 Respondeo,
1649 2027 1688 2062 id
1714 2027 1832 2074 ipsum
1854 2028 1932 2063 Deo
1953 2027 2048 2062 haud
2069 2027 2179 2062 dubie
2199 2027 2260 2062 de-

1208 2085 1298 2125 11011,
1320 2088 1360 2120 31
1380 2085 1452 2121 3113
1473 2085 1598 2121 01111113
1613 2088 1788 2132 1133101133
1803 2086 2062 2132 perfectionem
2077 2085 2260 2132 quandam

1208 2145 1418 2190 involvunt,
1448 2145 1511 2180 sed
1538 2144 1843 2190 quemadmodum
1876 2145 1995 2192 prima
2020 2145 2084 2180 illa
2116 2147 2153 2180 et
2180 2144 2261 2179 uni-

1208 2203 1359 2239 versalis
1379 2214 1486 2238 causa
1505 2203 1630 2239 omnia
1649 2214 1865 2239 conservans
1892 2215 1968 2239 non
1997 2203 2105 2250 tollit,
2126 2203 2189 2238 sed
2208 2204 2262 2239 fa-

1209 2263 1259 2298 cit
1287 2261 1408 2308 potius
1428 2261 1482 2297 rei
1503 2262 1659 2298 existere
1678 2262 1884 2310 incipientis
1905 2262 2176 2299 subsistentiam
2197 2273 2261 2297 na-

1209 2321 1383 2367 turalem,
1415 2331 1479 2356 seu
1507 2321 1546 2356 in
1575 2321 1766 2357 existendo
1791 2321 2120 2368 perseverationem
2149 2322 2261 2358 semel

1210 2390 1435 2425 concessam,
1466 2380 1517 2415 ita
1545 2380 1672 2415 eadem
1701 2391 1776 2416 non
1803 2381 1924 2427 tollet,
1954 2380 2017 2415 sed
2038 2379 2156 2427 potius
2176 2391 2261 2415 con-

1209 2439 1368 2475 firmabit
1396 2438 1450 2474 rei
1475 2438 1515 2474 in
1543 2442 1682 2474 motum
1710 2439 1910 2475 concitatae
1937 2439 2132 2476 efficaciam
2156 2442 2262 2475 natu·

1210 2498 1346 2544 ralem,
1379 2508 1442 2534 seu
1469 2497 1508 2533 in
1535 2498 1675 2545 agendo
1705 2498 2037 2545 perseverationem
2063 2499 2175 2533 semel
2194 2498 2260 2533 im-

1210 2567 1385 2605 pressam.

1275 2615 1336 2650 14.
1367 2614 1485 2649 Μ11113
1510 2623 1653 2660 quoque
1672 2614 1743 2649 alia
1765 2618 1955 2650 occurrunt
1975 2615 2014 2650 in
2036 2615 2260 2663 apologetica

1211 2673 1273 2708 illa
1306 2672 1588 2719 Dissertatione,
1626 2683 1719 2718 quae
1755 2673 2003 2709 difficultatem
2031 2675 2182 2721 habent,
2219 2677 2259 2709 ut

1211 2731 1307 2777 quod
1329 2732 1381 2765 ait
1409 2730 1491 2765 dict.
1513 2741 1604 2777 cap.
1629 2732 1666 2767 4.
1698 2728 1730 2773 ξ.
1756 2731 1819 2766 11.
1843 2736 1946 2768 111013
1967 2733 2011 2768 de
2026 2733 2173 2779 globulo
2196 2743 2259 2778 per

1211 2789 1331 2836 plures
1368 2788 1603 2824 intermedios
1631 2789 1669 2824 in
1698 2790 1885 2837 globulum
1912 2792 2105 2837 translato,
2134 2790 2258 2837 globu-

1211 2848 1288 2882 lum
1317 2847 1484 2882 ultimum
1511 2847 1637 2883 eadem
1664 2848 1700 2883 vi
1721 2849 1859 2884 moveri
1880 2860 1951 2896 qua
1971 2853 2089 2885 motus
2110 2853 2162 2883 est
2183 2849 2257 2894 glo-

1211 2906 1316 2941 bulus
1337 2905 1493 2951 primus:
1523 2906 1611 2941 mihi
1632 2918 1717 2943 vero
1738 2907 1891 2955 videtur,
1915 2908 2160 2954 aequivalente
2180 2906 2257 2952 qui-

1212 2963 1294 2998 dem
1330 2964 1488 3010 moveri,
1524 2965 1587 3000 sed
1621 2976 1697 3001 non
1725 2966 1870 3014 eadem,
1906 2977 1987 3002 cum
2013 2965 2257 3011 unusquisque

1212 3017 1327 3070 (quod
1347 3022 1480 3058 mirum
1499 3023 1614 3059 videri
1634 3019 1770 3071 possit)
1793 3036 1858 3060 sua
1877 3024 2022 3071 propria
2042 3024 2095 3069 vi,
2124 3033 2257 3069 nempe

1211 3080 1358 3116 elastica
1379 3076 1477 3130 (non
1492 3081 1572 3126 jam
1592 3082 1636 3118 de
1656 3083 1838 3119 clasmatis
1854 3081 1956 3126 hujus
1977 3092 2082 3116 causa
2098 3081 2254 3129 disputo,

1211 3149 1328 3185 neque
1352 3150 1446 3187 nego
1466 3141 1670 3177 mechanice
1691 3142 1821 3177 debere
1841 3139 2012 3186 explicari
2033 3142 2134 3175 motu
2154 3140 2255 3175 fluidi

1210 3197 1441 3234 inexistentis
1477 3210 1519 3235 ac
1554 3194 1799 3247 perlabentis)
1841 3210 1862 3234 a
1903 3197 2070 3243 proximo
2107 3202 2255 3245 urgente

1210 3257 1373 3304 repulsus
1412 3257 1452 3293 in
1493 3261 1632 3294 motum
1678 3261 1812 3304 agatur.
1888 3255 1944 3290 Sic
1987 3256 2115 3304 etiam,
2158 3258 2255 3303 quod

1411 3316 1498 3353 dicit
1552 3328 1629 3353 rem
1644 3343 1654 3363 ,
1708 3326 1798 3362 quae
1850 3314 2088 3362 primordium
2134 3319 2253 3352 motus
