2361 3643
643 117 854 156 LXXXIV.
915 117 984 155 AD
1014 116 1104 155 DES
1135 115 1299 155 1303st
1330 114 1560 154 EPISTOLA
1589 115 1731 155 XXIV.

338 211 707 251 EPISTOLA
767 211 910 249 XXIV.

105 295 524 338 Reverendissime
568 297 720 342 pater,
766 295 923 330 fautor
963 291 1187 335 honora·

533 364 722 400 tissime.

161 446 312 483 Gaudeo
333 450 368 482 te
388 446 479 482 bene
500 446 633 493 valere,
657 448 692 481 et
712 444 785 480 mei
805 443 919 479 amice
939 442 1156 479 meminisse.

101 506 258 543 Litterae
284 509 368 541 tuae
395 505 558 540 redditae
586 504 674 540 mihi
702 506 785 539 suut
813 503 856 537 R.
876 502 995 537 Patris
1023 502 1158 537 Cons-

101 565 125 600 1)
139 564 291 600 ruckii
328 563 522 610 beneficio,
559 574 632 598 uua
658 572 739 597 cum
768 561 998 596 Orbanianis.
1061 560 1156 595 Paro

100 633 160 658 me
180 622 227 657 ad
247 623 317 658 iter
337 622 634 661 Hanovmauum,
664 620 725 654 sed
742 619 864 654 nescio
887 629 974 664 quas
996 628 1060 664 per
1080 628 1157 652 am·

100 681 230 728 bages,
267 680 352 726 quia
382 680 558 715 infamata
584 682 637 714 est
664 678 824 724 Vienna,
861 677 1018 722 contagii
1046 679 1156 711 metu.

100 738 178 785 Ego
208 742 330 774 tamen
351 738 530 773 neminem
552 737 667 772 adhuc
689 736 925 783 morientem,
964 737 1027 770 aut
1048 735 1157 770 mori·

101 797 264 832 bundum
285 795 378 842 vidi,
412 799 663 841 grassaturque
683 795 757 829 lues
778 794 816 828 in
837 794 959 840 plebe,
995 793 1057 828 ubi
1086 796 1155 828 ter-

100 866 200 901 rore,
231 858 267 890 et
293 853 448 888 miseriis
469 854 589 888 alitur.
650 853 802 898 Caesar,
832 851 901 886 uisi
930 851 1155 897 ingravescat

100 913 255 958 malum,
287 911 412 946 cedere
434 915 557 958 negat,
580 910 752 956 quidquid
774 909 948 945 suadeant
970 909 1032 955 qui
1053 912 1154 944 tanto

99 970 258 1016 Principi
280 969 422 1005 timent.
482 970 524 1005 Id
546 969 621 1014 agit
642 969 811 1014 Princeps
840 968 1043 1014 maximus,
1081 978 1154 1002 me-

97 1038 252 1073 cumque
273 1038 346 1063 non
366 1028 475 1062 semel
498 1028 537 1062 in
558 1027 818 1062 deliberatione
852 1027 1035 1072 tractavit,
1066 1037 1155 1073 quo·

98 1086 208 1121 modo
230 1086 382 1121 societas
404 1086 526 1132 aliqua
547 1085 779 1121 scientiarum
795 1084 902 1120 condi
918 1084 1041 1130 possit,
1065 1095 1155 1131 quae

98 1145 221 1179 sedem
244 1145 405 1179 Viennae
433 1145 582 1189 habeat,
611 1144 662 1179 ita
686 1147 821 1178 tamem
843 1147 882 1178 ut
903 1143 991 1177 alibi
1013 1153 1155 1189 quoque

98 1203 186 1237 socii
214 1214 288 1237 non
316 1202 454 1246 desiut3
485 1202 546 1237 sed
574 1213 631 1237 res
659 1202 707 1237 ob
738 1201 953 1236 brevitatem
982 1203 1156 1248 temporis

96 1272 192 1296 nunc
223 1260 362 1296 absolvi
392 1271 462 1296 non
483 1264 621 1308 potest,
651 1271 756 1307 spero
780 1263 901 1295 tamen
923 1260 968 1295 ad
990 1261 1156 1295 effectum

97 1319 374 1365 perducendam.

155 1378 255 1418 Quae
273 1377 316 1412 de
335 1377 485 1412 vinculis
503 1376 798 1412 substantialibus
816 1376 904 1411 olim
921 1376 966 1411 ad
984 1379 1018 1410 te
1034 1375 1154 1422 sripsi,

96 1445 193 1470 nunc
222 1445 295 1470 non
315 1435 471 1469 invenio.
532 1435 569 1469 Si
591 1435 817 1469 admittimus
838 1435 1058 1469 substantias
1080 1445 1157 1469 cor-

96 1503 247 1540 poreas,
277 1503 339 1528 seu
367 1493 503 1538 aliquid
533 1493 773 1527 substantiale
800 1495 945 1537 praeter
965 1491 1155 1537 Monades,

95 1551 149 1586 ita
169 1554 209 1587 ut
228 1561 381 1597 corpora
402 1561 473 1585 non
494 1551 566 1585 sint
587 1560 688 1585 mera
707 1550 981 1594 Phaenomcna,
1014 1560 1157 1584 necesse

96 1612 153 1645 est
176 1609 330 1645 >vincula
365 1609 618 1644 substantialia
654 1618 727 1643 nou
763 1618 840 1642 esse
876 1617 993 1642 meros
1028 1607 1156 1642 modos

96 1667 304 1703 monadum.
366 1667 557 1702 Praeterea
584 1668 613 1701 si
641 1666 823 1701 vinculum
851 1665 1087 1700 substantiale
1110 1666 1157 1700 sit

97 1726 276 1772 accidens,
300 1735 362 1759 scu
385 1725 525 1771 modus,
547 1736 621 1760 nou
641 1724 775 1771 poterit
795 1735 870 1759 esse
892 1723 1000 1758 simul
1022 1723 1058 1757 iu
1080 1724 1157 1769 plu·

96 1783 198 1819 ribus
227 1783 417 1828 subjectiS,
449 1786 484 1817 et
510 1784 665 1829 proinde
693 1783 833 1818 nullum
854 1793 981 1817 revera
1011 1782 1156 1816 dabitur

97 1841 280 1876 vinculum
309 1841 549 1876 substantiale
576 1841 737 1888 plurium
764 1841 986 1886 Monadum,
1020 1839 1083 1874 sed
1117 1840 1153 1875 in

96 1900 258 1945 qualibet
278 1898 436 1934 Monade
471 1900 540 1935 erit
575 1899 769 1934 modalitas
796 1898 945 1945 propria
973 1898 1018 1933 ad
1045 1898 1155 1932 aliam

96 1957 296 1993 Mouadem
330 1957 500 1992 relativa:
540 1960 575 1992 ct
612 1957 663 1992 ita
698 1967 821 1991 rursus
861 1967 1015 2001 corpora
1054 1967 1156 1990 mera

98 2020 203 2051 erunt
224 2016 480 2062 phaenomena,
503 2018 539 2051 et
558 2025 640 2050 cum
664 2014 836 2050 Monades
857 2014 951 2048 nihil
967 2014 1041 2048 sint
1058 2013 1157 2049 aliud

96 2085 206 2121 quam
227 2072 571 2120 repraesentationes
604 2074 936 2120 phaenomenorum
958 2082 1040 2106 cum
1062 2074 1158 2107 tran-

98 2133 168 2168 situ
185 2132 232 2167 ad
249 2143 343 2168 nova
360 2132 619 2178 phaenomena,
638 2134 748 2177 patet,
768 2131 806 2165 iu
825 2130 868 2164 iis
885 2130 932 2165 ob
949 2139 1158 2175 repraesen-

98 2191 275 2227 tationem
297 2201 373 2226 esse
394 2190 682 2236 perceptionem,
713 2190 760 2224 ob
782 2188 977 2223 transitum
998 2199 1074 2222 esse
1096 2199 1157 2234 ap-

97 2250 271 2295 petituum
295 2259 359 2284 nec
388 2248 519 2284 dantur
546 2247 746 2296 principia,
778 2246 873 2282 uude
901 2246 1038 2292 aliquid
1060 2245 1159 2281 aliud

97 2308 170 2354 peti
194 2307 317 2354 possit.

157 2366 307 2401 Interim
324 2364 482 2408 objectio
499 2368 571 2411 tua,
591 2362 903 2400 Reverendissime
919 2362 1044 2408 Pater.
1070 2362 1159 2396 mihi

96 2423 386 2459 consideratione
408 2423 515 2469 digna
537 2423 613 2458 visa
634 2425 708 2467 est,
744 2432 791 2456 ex
820 2432 863 2456 eo
883 2425 1024 2466 sumta,
1061 2420 1158 2466 quod

97 2482 241 2516 vincula
279 2481 532 2516 substantialia
567 2480 808 2525 generabilia,
844 2482 879 2513 et
910 2478 1158 2524 corruptibilia

98 2539 274 2574 dixeram.
342 2538 384 2573 Id
420 2549 505 2573 vero
532 2538 741 2574 Mod-alium
777 2537 966 2583 proprium
1004 2537 1154 2583 videtur,

98 2607 145 2631 ex
172 2597 262 2631 meis
291 2595 403 2630 etiam
424 2596 628 2642 principiis,
666 2606 730 2630 nec
751 2595 943 2629 convenire
964 2595 1154 2630 absolutis.

98 2655 144 2690 Et
172 2654 253 2689 ideo
274 2664 313 2688 re
336 2664 512 2700 expensa,
542 2655 711 2689 hactenus
732 2652 949 2689 sententiam
972 2655 1093 2699 muto,
1117 2655 1157 2687 ut

98 2715 220 2760 putem
237 2711 315 2755 jam
334 2712 423 2746 nihil
441 2711 529 2746 oriri
549 2711 709 2756 absurdi,
722 2710 870 2745 sietiam
881 2711 1063 2745 vinculum
1073 2710 1156 2745 sub-

99 2771 278 2816 stantiale,
289 2780 351 2804 seu
361 2769 438 2816 ipsa
447 2769 646 2804 substantia
656 2768 847 2814 compositi
864 2767 1002 2803 dicatur
1012 2768 1155 2814 ingene-

98 2829 226 2864 rabilis
244 2832 279 2863 et
290 2827 583 2874 incorruptibilis.
606 2826 787 2867 Quoniam
797 2837 920 2861 revera
930 2826 1063 2861 nullam
1072 2826 1155 2861 sub-

99 2887 270 2922 stantiam
285 2896 497 2932 corpoream
513 2883 777 2920 admittendam
798 2886 907 2930 puto,
936 2884 1006 2918 nisi
1024 2883 1086 2919 ubi
1103 2886 1157 2919 est

98 2956 233 2991 corpus
255 2945 464 2989 organicum
488 2954 567 2978 cum
585 2941 746 2977 Monade
771 2941 1001 2988 dominante,
1025 2952 1088 2976 seu
1106 2941 1156 2976 vi-
1185 2938 1187 2955 ¹

99 3013 198 3049 vum,
217 3002 507 3047 animalscilicet,
524 3002 582 3036 vel
597 2999 747 3035 animali
762 2999 967 3045 analogum.
1006 2999 1156 3034 Caetera
1183 3026 1186 3040 ,

99 3071 186 3096 vero
216 3072 296 3096 esse
316 3063 509 3106 aggregata
530 3070 640 3106 pura,
670 3068 732 3092 seu
762 3068 873 3093 unum
894 3068 958 3103 per
978 3056 1154 3104 accidens,
1184 3050 1190 3058 ’

99 3127 176 3152 non
201 3130 316 3154 unum
342 3130 406 3165 per
427 3130 475 3154 se.
538 3118 628 3153 Cum
654 3127 762 3162 ergo,
799 3118 839 3150 ut
859 3115 945 3162 scis,
983 3126 1059 3151 non
1079 3119 1156 3151 tan-

99 3177 178 3210 tum
199 3177 370 3223 animam,
392 3176 454 3212 sed
475 3176 586 3211 etiam
606 3174 742 3209 animal
762 3172 909 3208 interire
930 3183 1076 3219 negem,
1105 3173 1158 3208 di-

99 3244 180 3268 cam
201 3233 312 3278 igitur
340 3245 406 3270 nec
426 3234 608 3269 vinculum
629 3231 884 3277 substantiale,
913 3242 973 3267 scu
994 3231 1157 3266 substan-

100 3290 190 3328 tiam
210 3291 370 3338 corporis
393 3292 547 3328 animati
567 3290 781 3329 naturaliter
805 3288 906 3335 oriri,
928 3292 965 3325 et
981 3288 1155 3336 occidere,

2185 116 2268 156 689

1217 209 1279 247 sed
1302 213 1379 247 tum
1400 209 1536 257 aliquid
1557 210 1785 257 absolutum,
1817 212 1957 245 tantum
1986 209 2121 246 variari
2149 220 2269 247 secun·

1186 270 1304 305 dum
1341 269 1559 305 mutationes
1594 268 1774 305 animalis.
1834 268 1929 304 Hinc
1963 268 2166 304 substantia
2192 280 2269 305 cor-

1185 343 1188 362 s
1218 338 1347 375 porea,
1383 328 1440 363 vel
1470 327 1648 363 vinculum
1685 327 1920 362 substantiale
1945 326 2167 391 Monadum,
2201 327 2267 364 etsi

1185 385 1189 413 l
1216 386 1428 422 naturaliter
1449 396 1511 420 seu
1533 386 1618 432 phy
1628 384 1721 420 sice
1743 385 1865 432 exigat
1885 383 2085 433 Monades,
2107 384 2193 431 quia
2212 388 2267 421 ta·

1186 435 1187 445 ¹
1215 454 1300 480 men
1320 455 1396 480 non
1416 447 1470 480 est
1491 444 1528 479 in
1549 443 1622 478 illis
1643 446 1814 489 tanquam
1835 444 1871 478 in
1892 443 2076 490 subjecto,
2108 454 2180 479 non
2209 454 2265 479 re-

1214 504 1332 549 quiret
1353 513 1414 537 eas
1435 501 1617 547 metaph
1628 501 1768 547 ysice,
1791 502 1951 548 adeoque
1972 502 2080 537 salvis
2100 501 2266 537 Monadi-

1215 562 1282 597 bus
1305 561 1403 606 tolli,
1433 560 1487 594 vel
1510 559 1642 594 mutari
1662 562 1799 607 potest,
1828 563 1863 595 et
1884 560 2098 595 monadibus
2120 564 2265 596 natura-

1215 620 1296 654 liter
1316 629 1390 654 non
1410 618 1483 653 suis
1503 617 1780 653 accommodari.
1819 618 1892 653 Nec
1913 619 1986 653 ulla
2007 618 2138 654 Mouas
2161 629 2265 665 prae-

1214 680 1269 713 ter
1290 676 1550 722 dominantem,
1573 676 1682 711 etiam
1704 676 1918 711 naturaliter
1938 676 2082 712 vinculo
2097 676 2265 712 substan·

1214 736 1294 771 tiali
1316 735 1429 770 affixa
1451 738 1515 781 est,
1537 744 1618 770 cum
1641 733 1820 770 Monades
1847 738 2008 770 caeterae
2028 735 2101 770 sint
2123 735 2161 770 in
2181 745 2262 782 per-

1214 797 1323 841 petuo
1344 794 1457 828 fluxu.

1272 851 1516 888 Substantiam
1537 861 1611 886 non
1633 853 1755 897 putem
1777 851 1996 886 simultatem
2016 861 2161 887 suarum
2183 862 2264 898 par·

1212 911 1304 947 tium
1326 910 1460 956 dicere,
1489 909 1623 955 alioqui
1645 909 1742 944 enim
1764 910 1857 944 foret
1877 912 2119 955 aggregatum.
2180 909 2266 944 Par-

1213 973 1279 1016 tcs,
1305 979 1457 1015 quarum
1479 972 1531 1003 est
1552 968 1752 1013 vinculum,
1774 967 1839 1002 etsi
1855 968 1927 1002 sint
1948 967 1980 1001 ei
2002 967 2264 1013 connaturales,

1213 1038 1286 1063 nou
1315 1033 1435 1062 tamen
1466 1029 1549 1061 suut
1577 1026 1610 1060 ei
1639 1025 1862 1070 essentiales,
1900 1024 2018 1070 itaque
2054 1025 2265 1060 naturaliter

1214 1086 1388 1121 tolluntur
1408 1085 1597 1131 paulatim,
1622 1087 1657 1118 et
1679 1084 1854 1129 ordinate,
1880 1082 1941 1116 sed
1964 1082 2175 1117 miraculose
2195 1086 2265 1118 sta-

1213 1145 1279 1179 tim
1306 1147 1340 1179 et
1370 1154 1433 1190 per
1461 1143 1591 1177 saltum
1619 1141 1789 1188 distingui
1818 1152 1839 1176 a
1869 1140 2011 1176 vlnculo
2039 1144 2207 1187 possunt,
2229 1143 2266 1175 et

1215 1202 1395 1238 vinculum
1417 1202 1534 1247 ipsum
1557 1200 1648 1235 tolli.

1276 1260 1350 1295 Etsi
1379 1264 1500 1295 autem
1529 1258 1651 1305 panis,
1683 1260 1717 1292 et
1748 1256 1871 1291 vinum
1901 1266 1975 1291 non
2003 1256 2073 1291 sint
2095 1255 2265 1303 viventia,

1215 1322 1336 1354 tamen
1358 1321 1397 1353 ut
1419 1318 1541 1354 omnia
1562 1327 1726 1362 corpora,
1749 1318 1830 1350 sunt
1851 1325 1897 1350 ex
1917 1314 2123 1349 viventibus
2144 1325 2267 1360 aggre-

1214 1380 1308 1423 gata,
1332 1380 1367 1412 et
1388 1377 1530 1412 vincula
1549 1373 1803 1410 substantialia
1824 1372 2048 1417 singulorum
2069 1373 2266 1408 viventium

1215 1435 1527 1482 componentium,
1559 1432 1799 1468 substantiam
1825 1433 2060 1476 componunt.
2122 1432 2171 1466 At
2191 1441 2268 1465 cor-

1219 1504 1285 1539 pus
1321 1493 1453 1528 Christi
1495 1491 1677 1526 vinculum
1719 1489 1959 1524 substantiale
1993 1489 2107 1524 totale
2144 1489 2266 1534 habet,

1215 1562 1297 1586 cum
1325 1551 1371 1585 sit
1402 1561 1529 1597 corpus
1551 1550 1695 1594 vivum,
1732 1548 1886 1593 denique
1907 1548 1937 1581 si
1958 1546 2043 1593 quid
2064 1550 2134 1592 est,
2171 1545 2269 1592 quod

1216 1609 1458 1644 substantiam
1499 1617 1710 1654 corpoream
1752 1606 1957 1652 coustituit,
2000 1605 2038 1639 in
2080 1615 2123 1640 eo
2165 1604 2269 1640 vobis

1214 1665 1417 1712 quaerenda
1438 1669 1491 1700 est
1513 1665 1733 1711 possibilitas
1755 1662 2187 1707 traussubstantiatiouis3
2211 1662 2268 1697 sin

1215 1724 1302 1759 nihil
1321 1724 1392 1758 tale
1408 1725 1465 1770 sit,
1489 1728 1523 1759 et
1545 1733 1698 1769 corpora
1712 1721 1782 1755 sint
1800 1732 1897 1756 mera
1914 1722 2170 1767 phaenomena,
2185 1720 2269 1755 sub-

1215 1783 1348 1818 stantia
1375 1782 1536 1828 corporis
1557 1779 1761 1827 quaerenda
1789 1779 1857 1813 erit
1885 1779 1920 1813 in
1943 1779 2029 1813 solis
2053 1779 2270 1824 phaenome-

1215 1840 1280 1876 nis.
1342 1841 1393 1875 At
1426 1851 1497 1875 non
1521 1839 1672 1885 nostris,
1710 1837 1840 1883 quibus
1870 1840 2015 1871 manent
2034 1836 2172 1881 priores
2193 1847 2271 1882 spe-

1214 1899 1304 1944 cies,
1342 1898 1405 1933 sed
1432 1898 1471 1933 in
1498 1898 1542 1933 iis
1563 1908 1654 1943 quae
1674 1896 1790 1930 Menti
1812 1895 1985 1942 Divinae,
2022 1897 2057 1929 et
2077 1894 2121 1929 iis
2141 1894 2272 1939 quibus

1184 1972 1185 1997 ι
1214 1957 1349 1992 revelat
1372 1957 1488 2001 Deus,
1512 1956 1762 1991 obversantur.

1273 2014 1446 2049 Nondum
1467 2013 1602 2048 discere
1623 2012 1744 2059 potui,
1775 2021 1820 2045 an
1849 2009 2008 2045 recensio
2028 2009 2272 2045 Theodicaeae

1216 2071 1335 2116 aliqua
1356 2072 1488 2106 inserta
1511 2071 1557 2104 sit
1577 2068 1986 2105 commemorationibus
2003 2067 2176 2102 Librariis
2192 2067 2272 2102 Tri·

1217 2129 1396 2164 vultianis.
1457 2128 1491 2162 Si
1529 2127 1615 2173 quid
1642 2138 1684 2161 ea
1713 2126 1757 2161 de
1786 2135 1825 2159 re
1853 2125 2044 2170 intelligis,
2082 2125 2170 2160 doce
2198 2135 2269 2172 me,

1217 2197 1359 2233 quaeso.
1422 2186 1466 2221 In
1501 2185 1554 2220 his
1591 2185 1664 2219 oris
1702 2194 1766 2219 nec
1793 2181 2154 2218 commemorationes
2187 2181 2271 2217 illae

1217 2245 1484 2290 Trivultianae,
1508 2254 1572 2278 nec
1592 2242 1746 2277 diarium
1768 2241 1970 2276 Parisinum
1990 2239 2152 2275 habetur.
2203 2240 2272 2275 Sed

1188 2295 1189 2298 ¹
1217 2314 1322 2350 spero
1373 2301 1585 2348 aliquando,
1636 2300 1819 2336 annitente
1864 2298 2106 2346 Imperatore,
2141 2295 2271 2333 Musas

1216 2363 1436 2398 Viennenses
1451 2361 1564 2406 'caput
1584 2362 1764 2393 erecturas
1787 2367 1875 2392 esse.

1276 2419 1361 2454 Vidi
1401 2418 1579 2465 quaedam
1621 2416 1807 2461 ingeniosa
1846 2414 2044 2449 admodum
2083 2414 2216 2461 scripta
2249 2424 2272 2449 a

1216 2478 1258 2512 R.
1276 2478 1315 2513 P.
1338 2476 1603 2513 Sacorierio
1630 2473 1887 2510 Mathematico
1908 2472 2108 2519 Ticiuensi,
2138 2483 2184 2507 ex
2205 2473 2271 2507 Or-

1216 2536 1300 2571 dine
1328 2538 1468 2580 vestro,
1506 2535 1542 2569 in
1572 2534 1687 2568 lucem
1709 2532 1825 2576 edita,
1862 2530 1928 2565 etsi
1950 2530 2145 2565 sententias
2164 2541 2271 2577 quas-

1216 2594 1298 2629 dam
1320 2592 1591 2628 mathematicas
1619 2592 1764 2637 foveat,
1800 2599 1889 2635 quas
1910 2599 1984 2625 non
2011 2589 2160 2653 omnino
2188 2599 2270 2636 pro-

1215 2653 1301 2688 bare
1323 2661 1480 2698 possum.

1274 2711 1387 2756 Opto,
1424 2711 1464 2743 ut
1490 2706 1642 2754 prodeat
1662 2705 1884 2741 Bibliotheca
1914 2707 2055 2739 vestrae
2083 2702 2268 2739 Societatis

1184 2760 1523 2813 lAlegambio-
1538 2763 1880 2801 Sothwelliana
1907 2773 1971 2809 per
1992 2762 2264 2806 Bonannum,

1185 2819 1188 2889 j
1213 2826 1260 2861 ad
1295 2824 1493 2861 novissima
1535 2826 1701 2869 tempora
1736 2821 1960 2857 continuata.
2022 2818 2134 2853 Valde
2168 2817 2266 2851 enim

1185 2894 1187 2930 J
1214 2884 1346 2919 vellem
1373 2881 1543 2917 notitiam
1571 2881 1706 2917 habere
1727 2880 1997 2928 praeclarorum
2019 2876 2177 2911 virorum
2198 2875 2264 2910 Or-

1215 2943 1310 2978 dinis
1331 2940 1454 2976 vestri.

1272 3000 1317 3036 R.
1339 2998 1439 3034 Patri
1460 2996 1648 3033 Orbano
1667 2996 1825 3032 inclusas
1847 2993 1940 3031 mitti
1962 2992 2054 3038 peto.

1272 3058 1350 3102 Ego
1371 3067 1429 3092 me
1449 3056 1495 3091 ad
1516 3055 1671 3091 reditum
1691 3067 1793 3102 paro.
1855 3049 1957 3093 Quod
1979 3048 2149 3093 superest,
2171 3047 2261 3094 vale,

1213 3114 1525 3152 Reverendissime
1553 3114 1680 3163 Pater,
1719 3116 1755 3149 et
1784 3112 1876 3147 fave.
1935 3105 2077 3141 Dabam
2103 3105 2264 3141 Viennae

1217 3174 1282 3210 23.
1304 3173 1459 3220 Augusti
1484 3173 1502 3209 1
1514 3172 1606 3209 713.

1183 2970 1187 3005 Ι

1804 3220 2056 3258 Deditissimus

1705 3285 1749 3318 G.
1781 3282 1823 3316 G.
1862 3277 2204 3315 Leibnitius.
