2361 3643
1056 216 1329 272 XLVIII.

1134 335 1177 379 D
1197 334 1237 379 E

274 447 650 525 RERUM
734 445 1489 525 ORIGINATIONE
1575 446 2090 526 RADICALI.

1007 653 1139 708 16

1202 652 1359 708 97.

327 829 603 864 (Autographum
630 830 822 858 Leibnitii
852 832 990 859 nondum
1023 831 1154 868 editum3
1183 839 1199 859 e
1225 830 1354 859 scriniis
1380 830 1600 858 Bibliothecae
1626 830 1749 864 Regiae
1775 830 2050 867 Hanoveranae.)

164 987 308 1021 Praeter
346 987 559 1023 Mundum
590 999 651 1023 seu
690 989 998 1035 Aggregatum
1029 999 1147 1024 rerum

106 1045 296 1091 finitarum,
332 1046 438 1081 datur
469 1046 590 1081 Unum
626 1047 774 1093 aliquod
795 1048 1050 1093 dominans,
1073 1058 1148 1082 non

103 1107 246 1139 tantum
261 1108 298 1139 ut
315 1104 353 1139 in
369 1117 426 1141 me
441 1106 642 1152 a11ima,vel
658 1106 778 1152 potius
797 1110 833 1141 ut
851 1107 888 1141 in
906 1118 984 1142 meo
1001 1117 1149 1153 corpore

102 1163 221 1209 ipsum
241 1175 317 1210 ego,
341 1165 401 1200 sed
422 1165 533 1200 etiam
554 1165 693 1200 ratione
716 1166 829 1201 multo
851 1167 988 1201 altiore.
1027 1166 1149 1201 Unum

102 1222 199 1257 enim
220 1223 410 1258 dominans
431 1224 589 1259 universi
609 1235 683 1259 non
704 1228 845 1259 tantum
865 1225 954 1271 regit
976 1225 1149 1259 mundum

103 1282 166 1316 sed
194 1284 228 1316 et
258 1282 409 1317 fabricat
437 1286 470 1318 et
501 1283 585 1318 facit
614 1286 649 1317 et
670 1284 803 1318 mundo
832 1288 885 1319 est
907 1284 1069 1330 superius
1099 1286 1146 1327 ct,

102 1344 141 1375 ut
161 1340 213 1374 ita
234 1341 369 1387 dicam,
400 1342 745 1385 extramundanum,
768 1346 890 1388 estque
911 1343 1001 1377 adeo
1022 1342 1149 1377 ultima

101 1398 193 1434 ratio
214 1411 342 1434 rerum.
375 1400 469 1434 Nam
490 1412 563 1435 non
584 1404 724 1435 tantum
741 1401 779 1435 in
800 1402 900 1436 nullo
915 1401 1148 1447 singulorum,

102 1458 164 1493 sed
193 1469 257 1493 nec
286 1458 323 1493 in
345 1462 422 1494 toto
443 1462 633 1505 aggregato
661 1459 820 1505 serieque
848 1471 967 1494 rerum
995 1459 1149 1494 inveniri
1182 1490 1183 1493 ,

100 1519 217 1564 potest
238 1517 417 1553 sufficiens
439 1518 532 1553 ratio
555 1518 743 1553 existendi.
775 1518 968 1565 Fingamus
986 1519 1149 1553 Elemen-

100 1579 219 1612 torum
241 1577 537 1623 geometricorum
558 1577 691 1612 librum
712 1577 819 1613 fuisse
835 1582 1031 1624 aeternum,
1057 1588 1148 1612 56111-

99 1646 163 1682 per
183 1635 294 1670 alium
315 1647 362 1671 ex
381 1636 453 1671 alio
473 1636 701 1683 descriptum,
724 1640 833 1682 patet,
856 1637 922 1671 etsi
938 1637 1030 1671 ratio
1046 1636 1147 1671 reddi

101 1694 216 1740 possit
254 1695 451 1740 praesentis
479 1695 563 1730 libri
591 1706 636 1730 ex
664 1695 858 1742 praeterito
885 1696 980 1730 unde
1006 1700 1059 1731 est
1087 1696 1147 1730 de-

101 1752 270 1799 scriptus,
302 1765 376 1789 non
396 1757 517 1788 tamen
537 1765 583 1789 ex
604 1760 828 1800 quotcunque
847 1755 949 1789 libris
973 1759 1068 1790 retro
1092 1766 1147 1790 as-

101 1811 227 1846 sumtis
251 1822 410 1857 unquam
441 1812 552 1847 veniri
582 1813 627 1848 ad
656 1813 835 1848 rationem
864 1814 1024 1860 plenam:
1064 1825 1146 1849 cum

100 1880 240 1916 semper
260 1870 383 1906 mirari
402 1871 518 1915 liceat,
540 1883 600 1906 cur
621 1872 666 1907 ab
689 1873 787 1907 omni
809 1876 970 1919 tempore
990 1873 1072 1907 libri
1094 1878 1147 1907 ta-

101 1930 152 1964 les
179 1929 381 1975 extiterint,
411 1941 472 1964 cur
500 1930 583 1965 libri
618 1931 749 1966 scilicet
778 1936 810 1966 et
840 1944 901 1967 eur
929 1932 977 1966 sic
999 1931 1143 1978 scripti?

100 1988 204 2029 Quod
223 1988 266 2023 de
285 1988 397 2034 libris,
419 1988 515 2024 idem
535 1990 579 2024 de
600 1990 725 2024 mundi
746 1991 894 2025 diversis
915 1991 1066 2025 statibus
1090 2002 1146 2025 vc-

99 2058 180 2083 rum
201 2050 264 2093 est,
281 2058 432 2093 sequens
452 2048 548 2083 enim
569 2049 835 2093 quodammodo
850 2060 898 2084 ex
913 2050 1146 2095 praecedente

100 2106 187 2150 (etsi
207 2106 312 2141 certis
332 2107 495 2141 mutandi
516 2106 676 2153 legibus)
706 2110 757 2142 est
779 2108 991 2154 descriptus,
1025 2108 1145 2154 itaque

99 2169 278 2211 utcunque
306 2177 482 2211 regressus
512 2166 619 2200 fueris
639 2166 677 2200 in
697 2169 809 2201 status
829 2166 1036 2213 anteriores,
1056 2177 1146 2201 nun-

99 2235 208 2270 quam
235 2224 273 2259 in
300 2224 452 2259 statibus
479 2225 657 2259 rationem
686 2226 831 2270 plenam
858 2225 1048 2272 repereris,
1085 2236 1146 2259 cur

100 2283 233 2318 scilicet
261 2283 390 2329 aliquis
411 2283 456 2318 sit
477 2283 597 2329 potius
618 2284 789 2329 mundus,
818 2287 853 2319 et
874 2296 935 2319 cur
955 2284 1047 2319 talis.
1089 2283 1145 2318 Li-

99 2347 154 2378 cet
189 2353 275 2388 ergo
303 2343 477 2378 mundum
504 2346 689 2378 aeternum
718 2344 886 2389 fingeres,
915 2354 995 2378 cum
1024 2346 1145 2378 tamen

98 2400 189 2436 nihil
209 2412 322 2448 ponas
343 2401 413 2436 nisi
433 2404 591 2437 statuum
612 2402 886 2448 successionem,
915 2414 979 2438 nec
1001 2402 1038 2437 in
1059 2413 1145 2448 quo-

99 2460 188 2494 libet
207 2471 331 2495 eorum
353 2460 529 2496 rationem
549 2462 784 2496 sufficientem
800 2462 966 2508 reperias,
989 2462 1062 2496 imo
1079 2473 1143 2496 nec

98 2520 323 2564 quotcunque
343 2520 508 2554 assumtis
528 2520 584 2555 vel
605 2521 795 2555 minimum
816 2521 978 2567 proficias
999 2521 1044 2555 ad
1066 2520 1143 2555 red-

100 2576 254 2613 dendam
269 2577 458 2623 rationem,
479 2582 577 2624 patet
598 2579 685 2614 alibi
702 2579 878 2614 rationem
900 2580 1141 2625 quaerendam

99 2646 184 2670 esse.
229 2635 271 2670 In
292 2637 444 2670 aeternis
465 2636 580 2682 enim,
614 2637 680 2671 etsi
700 2638 799 2672 nulla
820 2649 926 2673 causa
947 2642 1055 2683 esset,
1088 2641 1141 2673 ta·

99 2705 184 2729 men
203 2693 295 2729 ratio
316 2693 469 2740 intelligi
489 2695 605 2739 debet,
627 2707 717 2741 quae
737 2696 775 2730 in
796 2697 1067 2743 persistentibus
1088 2700 1141 2732 est

98 2754 177 2800 ipsa
203 2752 394 2788 necessitas
425 2763 486 2786 seu
507 2753 675 2799 essentia,
698 2754 736 2788 in
763 2755 853 2790 serie
878 2766 964 2790 vero
986 2755 1140 2789 mutabi-

99 2812 198 2857 lium,
221 2812 251 2846 si
271 2812 355 2847 haec
376 2814 519 2846 aeterna
539 2822 560 2846 a
582 2812 699 2857 priore
719 2813 920 2859 fingeretur,
951 2815 1041 2849 foret
1063 2814 1141 2860 ipsa

98 2870 341 2917 praevalentia
361 2870 635 2905 inclinationum
655 2873 695 2904 ut
715 2881 802 2905 mox
822 2871 1050 2918 intelligetur,
1080 2872 1142 2907 ubi

98 2929 256 2964 rationes
283 2929 416 2964 scilicet
435 2940 509 2964 non
529 2928 743 2964 necessitant
770 2929 961 2973 (absoluta
988 2941 1049 2965 seu
1070 2941 1142 2966 me-

99 2988 283 3034 taphysica
309 2988 518 3024 necessitate
543 2990 583 3022 ut
609 2987 828 3023 eontrarium
855 2988 1048 3034 implicet),
1080 2989 1142 3024 sed

99 3046 283 3082 inclinant.
329 3047 386 3082 Ex
421 3047 549 3093 quibus
582 3049 681 3093 patet
712 3057 779 3082 nee
807 3046 990 3093 supposita
1017 3047 1142 3082 mundi

99 3106 310 3141 aeternitate
342 3106 508 3141 ultimam
540 3106 717 3141 rationem
744 3117 863 3141 rerum
889 3106 1142 3141 extramunda-

101 3175 185 3199 nam
205 3175 267 3199 seu
286 3164 403 3200 Deum
423 3165 532 3211 effugi
553 3176 666 3211 posse.

158 3222 328 3258 Rationes
363 3223 471 3269 igitur
505 3223 631 3259 mundi
666 3224 777 3259 latent
807 3223 845 3257 in
872 3222 992 3269 aliquo
1023 3226 1140 3258 extra-

101 3281 301 3327 mundano,
330 3281 515 3317 differente
549 3294 571 3317 a
597 3286 724 3317 catena
751 3286 930 3327 statuum,
962 3293 1023 3316 seu
1052 3282 1139 3317 serie
1173 3305 1175 3319 .

101 3351 229 3385 rerum,
250 3350 400 3386 quarum
416 3344 645 3388 aggregatum
661 3341 834 3377 mundum
851 3340 1042 3376 constituit.
1076 3341 1139 3376 At·

1182 986 1183 989 ’
1217 999 1286 1034 que
1307 988 1357 1023 ita
1379 988 1595 1023 veniendum
1616 991 1668 1023 est
1690 999 1711 1022 a
1732 988 1880 1034 physica
1900 989 2108 1024 necessitate
2124 1000 2185 1024 seu
2201 990 2263 1034 hy-

1216 1047 1412 1094 pothetica,
1443 1058 1534 1093 quae
1560 1057 1615 1082 res
1644 1047 1770 1081 mundi
1799 1047 2014 1094 posteriores
2041 1059 2063 1082 a
2084 1047 2262 1094 prioribus

1217 1106 1442 1152 determinat,
1472 1106 1517 1141 ad
1537 1105 1673 1151 aliquid
1692 1106 1786 1151 quod
1809 1106 1855 1141 sit
1875 1107 2065 1142 necessitas
2085 1107 2262 1144 absoluta.

1217 1177 1278 1200 seu
1299 1164 1551 1212 metaphysica,
1574 1164 1673 1208 cujus
1686 1165 1780 1200 ratio
1796 1165 1895 1200 reddi
1911 1176 1985 1200 non
2001 1165 2125 1212 possit.
2158 1166 2247 1201 Mun

1218 1224 1283 1259 dus
1304 1224 1401 1259 enim
1421 1234 1589 1270 praesens
1610 1224 1754 1270 physice
1771 1235 1832 1258 seu
1847 1224 2074 1270 hypothetice
2088 1236 2162 1260 non
2177 1236 2263 1260 vero

1218 1284 1380 1319 absolute
1409 1294 1470 1318 seu
1498 1282 1739 1328 metaphysice
1766 1286 1819 1318 est
1845 1283 2077 1320 necessarius
2123 1283 2263 1330 Nempe

1217 1342 1335 1389 posito
1362 1342 1459 1388 quod
1486 1341 1596 1376 semel
1624 1341 1706 1376 talis
1734 1342 1796 1387 sit,
1825 1352 2045 1388 consequens
2072 1345 2143 1389 est,
2175 1343 2261 1378 talia

1217 1412 1324 1447 porro
1353 1401 1460 1435 nasci.
1521 1400 1701 1441 Quoniam
1731 1400 1839 1447 igitur
1866 1401 1993 1435 ultima
2019 1401 2125 1436 radix
2154 1401 2260 1437 debet

1217 1471 1295 1495 esse
1315 1459 1353 1494 in
1369 1460 1500 1505 aliquo,
1519 1459 1615 1505 quod
1630 1459 1676 1494 sit
1692 1459 1954 1506 metaphysicae
1970 1460 2203 1506 necessitatiS,
2225 1462 2261 1496 et

1216 1519 1308 1553 ratio
1325 1518 1512 1553 existentis
1528 1528 1603 1552 non
1618 1521 1669 1553 est
1686 1518 1754 1552 nisi
1770 1519 1816 1553 ab
1825 1518 2012 1564 existente,
2029 1519 2109 1554 hinc
2119 1521 2261 1565 oportet

1216 1578 1362 1623 aliquod
1377 1577 1531 1612 existere
1545 1587 1607 1611 ens
1622 1587 1734 1611 unum
1751 1577 2014 1623 metaphysicae
2028 1577 2260 1623 necessitatis,

1215 1648 1276 1671 seu
1298 1637 1340 1671 de
1361 1635 1462 1679 cujus
1483 1635 1635 1670 essentia
1659 1635 1703 1670 sit
1724 1636 1929 1682 existentia,
1959 1640 2064 1682 atque
2085 1637 2174 1672 adeo
2195 1635 2259 1672 ali·

1214 1695 1308 1741 quod
1337 1695 1489 1730 existere
1517 1695 1699 1729 diversum
1719 1695 1765 1729 ab
1787 1694 1924 1729 entium
1944 1695 2168 1741 pluralitate,
2197 1706 2259 1730 seu

1215 1755 1367 1800 mundo,
1405 1765 1512 1800 quem
1548 1753 1812 1799 111‹1›tapliysicae
1836 1754 2054 1788 necessitatis
2080 1765 2154 1789 non
2184 1765 2258 1789 esse

1213 1814 1449 1849 concessimus
1469 1813 1771 1858 ostendimusque.

1273 1873 1321 1907 [t
1342 1876 1463 1907 autem
1484 1872 1592 1917 paulo
1614 1871 1816 1906 distinctius
1837 1871 2055 1917 explicemus
2077 1872 2257 1916 quomodo

1214 1943 1260 1967 ex
1282 1931 1492 1966 veritatibus
1521 1930 1674 1965 aeternis
1700 1930 1775 1965 sive
1804 1930 2051 1966 essentialibus
2071 1930 2126 1964 vel
2148 1934 2259 1965 meta-

1215 1991 1368 2037 physicis
1389 1990 1551 2025 oriantur
1571 1989 1738 2024 veritates
1760 1989 1985 2034 temporales,
2013 1989 2258 2035 contingentes

1180 2039 1181 2054 ³
1214 2050 1288 2083 sive
1309 2048 1493 2095 physicae,
1524 2048 1681 2094 primum
1701 2058 1893 2093 agnoscere
1913 2047 2082 2082 debemus
2103 2058 2146 2082 eo
2166 2047 2257 2094 ipso,

1213 2108 1307 2154 (111011
1336 2107 1471 2153 aliquid
1493 2106 1610 2153 potius
1632 2106 1752 2141 existit
1775 2116 1883 2151 quam
1903 2105 2011 2151 nihil,
2041 2106 2198 2152 aliquam
2218 2106 2256 2140 in

1213 2166 1318 2201 rebus
1346 2165 1591 2213 possibilibus,
1620 2176 1681 2199 seu
1709 2165 1745 2199 in
1767 2165 1844 2211 ipsa
1864 2164 2104 2209 possibilitate
2126 2165 2181 2200 vel
2205 2176 2257 2199 es-

1215 2225 1347 2271 sentia,
1379 2237 1454 2259 esse
1475 2224 1693 2270 exigentiam
1714 2223 1938 2268 existentiae,
1960 2223 2016 2257 vel
2047 2222 2114 2269 (ut
2134 2223 2184 2258 sic
2205 2223 2258 2258 di-

1214 2284 1319 2329 cam)
1348 2283 1633 2330 praetensionem
1660 2282 1706 2317 ad
1740 2281 1967 2317 existendum
1994 2284 2049 2328 et,
2078 2286 2117 2316 ut
2145 2282 2256 2317 verbo

1213 2343 1446 2389 complectar,
1476 2342 1666 2377 essentiam
1699 2352 1761 2387 per
1788 2352 1825 2375 se
1854 2341 1999 2375 tendere
2028 2341 2074 2375 ad
2103 2340 2257 2376 existen-

1178 2395 1179 2398 ¹
1214 2403 1313 2437 tiam.
1359 2402 1463 2437 Unde
1484 2412 1591 2448 porro
1613 2400 1786 2446 sequitur,
1818 2399 1939 2434 omnia
1960 2399 2164 2446 possibilia,
2194 2411 2255 2435 seu

1212 2461 1404 2497 essentiam
1439 2460 1495 2494 vel
1531 2459 1728 2495 realitatem
1763 2458 1972 2505 possibilem
2005 2458 2255 2505 exprimentia,

1212 2520 1289 2567 pari
1314 2520 1396 2564 jure
1423 2520 1469 2555 ad
1496 2519 1691 2554 essentiam
1721 2518 1864 2552 tendere
1891 2528 1957 2564 pro
1984 2517 2183 2563 quantitate
2204 2529 2256 2552 es-

1210 2579 1344 2614 sentiae
1380 2590 1439 2613 seu
1473 2577 1665 2621 realitatis,
1703 2577 1761 2611 vel
1794 2587 1858 2622 pro
1889 2576 2000 2622 gradu
2029 2572 2255 2622 perfectionis

1210 2649 1315 2684 quem
1336 2638 1543 2679 involvuntg
1565 2639 1617 2671 est
1633 2635 1730 2670 enim
1744 2635 1914 2681 perfectio
1930 2634 2019 2670 nihil
2034 2635 2131 2670 aliud
2147 2645 2253 2680 quam

1208 2696 1382 2732 essentiae
1402 2695 1593 2741 quantitas.

1268 2755 1360 2789 Hinc
1387 2765 1472 2788 vero
1494 2753 1785 2788 manifestissime
1805 2752 2017 2799 intelligitur
2038 2763 2084 2787 ex
2104 2751 2250 2786 infinitis

1211 2812 1437 2860 possibilium
1463 2812 1790 2847 combinationibus
1818 2811 2044 2857 seriebusque
2072 2808 2248 2856 possibili-

1209 2874 1276 2908 bus
1296 2871 1448 2907 existere
1463 2882 1554 2917 eam,
1573 2882 1636 2917 per
1656 2881 1764 2917 quam
1784 2870 1978 2917 plurimum
2000 2868 2171 2905 essentiae
2186 2877 2249 2901 seu

1210 2930 1457 2977 possibilitatis
1477 2930 1680 2977 perducitur
1695 2930 1741 2965 ad
1756 2929 1994 2965 existendum.
2026 2931 2167 2971 Semper
2183 2924 2248 2959 sci-

1210 2990 1291 3024 licet
1319 2992 1372 3024 est
1399 2989 1438 3023 in
1464 2989 1569 3025 rebus
1590 2989 1806 3036 principium
1827 2984 2131 3023 determinationis
2151 2983 2246 3028 quod

1210 3059 1231 3083 a
1251 3047 1412 3083 maximo
1432 3048 1629 3083 minimove
1644 3048 1836 3094 petendum
1852 3049 1914 3091 est,
1937 3048 1973 3080 ut
1990 3053 2116 3087 nempe
2131 3041 2245 3076 maxi-

1210 3118 1288 3141 mus
1308 3110 1506 3153 praestetur
1526 3108 1670 3142 effectus
1692 3106 1842 3141 minimo
1863 3108 1901 3138 ut
1921 3103 1968 3137 sic
1985 3102 2098 3136 dicam
2114 3103 2243 3135 sumtu.

1174 3157 1177 3164 ’
1210 3166 1256 3200 Et
1276 3165 1342 3201 hoc
1362 3166 1439 3202 loco
1461 3170 1612 3212 tempuS,
1634 3166 1750 3211 locus,
1776 3166 1835 3199 aut
1857 3165 1894 3196 ut
1916 3160 2023 3194 verbo
2045 3159 2172 3204 dicam,
2190 3169 2243 3193 re⁴

1209 3224 1394 3271 ceptivitas
1426 3226 1483 3260 vel
1516 3225 1692 3271 capacitas
1729 3220 1852 3257 mundi
1887 3217 2006 3254 haberi
2033 3220 2149 3263 potest
2176 3228 2242 3264 pro

1209 3286 1328 3318 sumtu
1351 3283 1426 3319 sive
1447 3287 1587 3320 terreno
1608 3283 1646 3318 in
1666 3293 1735 3328 quo
1756 3288 1863 3325 quani
1882 3275 2167 3311 commodissime
2187 3279 2243 3310 est.

1210 3342 1486 3387 aedificandum,
1518 3344 1712 3378 formarum
1739 3340 1857 3373 autem
1883 3334 2071 3370 varietates
2097 3345 2240 3382 respon·

1765 3395 1811 3430 19
1826 3390 1846 3410 ⁴*
