2361 3643
98 129 184 172 728

102 227 155 264 tio
182 227 349 273 apparet,
383 230 466 267 cur,
500 220 555 254 tot
589 215 824 263 possibilibus
851 215 952 263 aliis,
988 226 1056 252 nos
1085 216 1154 252 5011
1178 225 1182 239 s

102 285 354 333 praeferamur.
415 277 499 313 Alia
532 278 653 311 autem
688 275 853 321 quaestio
884 275 957 322 est,
993 285 1041 311 an
1076 286 1154 311 cor·

98 353 189 391 pora
217 341 288 374 sint
315 334 562 372 substantiae'ss
622 333 721 369 Licet
748 333 847 369 enim
882 344 1037 381 corpora
1070 334 1154 370 sub-

99 397 252 436 stantiae
278 406 350 431 non
381 396 519 440 essent,
550 394 672 428 tamen
703 403 829 428 omnes
860 392 1024 428 homines
1045 393 1151 440 proni

96 458 201 493 erunt
220 453 266 490 ad
282 451 543 499 judicandum,
564 462 718 497 corpora
737 462 815 487 esse
836 451 1077 500 substantias,
1114 454 1155 488 ut

96 525 195 551 omes
218 512 322 559 proni
343 514 425 546 sunt
445 510 490 546 ad
501 509 754 559 judicandum,
777 511 945 547 tellurem
962 511 1154 561 quiescere,

95 573 162 609 etsi
182 582 306 607 revera
327 572 525 605 moveatur.

153 629 424 677 Propositiones
459 640 482 665 a
517 628 732 676 Praeposito
769 629 927 673 generali
962 629 1154 666 Tambu-

94 689 198 726 rino
233 688 435 735 prohibitas
473 688 561 723 mihi
591 699 613 723 a
634 690 670 724 te
690 688 949 725 communicari
978 699 1051 725 non
1080 700 1154 725 me-

94 748 195 795 mini,
216 748 283 783 hae
303 757 392 794 quas
414 757 509 782 nunc
531 747 788 793 communicas,
811 747 980 784 videntur
1000 749 1155 784 Carte-

93 807 162 843 sio
191 807 400 854 oppositae,
430 808 465 841 et
486 806 575 841 mihi
596 805 684 841 satis
703 806 920 852 probantur.

92 865 215 913 1101115,
237 868 404 912 quartam
427 863 594 902 omisisti.
657 863 792 900 Omnes
814 865 987 901 nanscisci
1009 869 1153 913 gratum

91 925 170 961 erit.
238 925 512 960 Honoratus
552 923 755 959 Fabrius
794 924 831 960 in
873 924 1027 972 epistola
1066 936 1152 972 qua-

91 983 176 1019 dam
205 983 304 1020 edita
332 982 510 1020 recensuit
530 982 753 1032 prohibitaS,
786 985 868 1019 tuuc
888 994 970 1021 cum
991 984 1068 1032 ipse
1088 985 1152 1020 flo—
1182 993 1183 1025 ;

93 1046 200 1079 reret.

149 1100 232 1138 Non
269 1101 376 1138 credo
416 1104 576 1146 systema
598 1113 675 1137 esse
696 1101 888 1149 possibile,
924 1102 960 1138 in
982 1113 1055 1149 quo
1076 1113 1152 1138 mo-

91 1160 202 1196 nades
229 1160 266 1196 in
295 1173 333 1197 se
353 1161 508 1196 invicem
535 1164 645 1206 agant
674 1162 759 1207 quia
779 1172 854 1197 non
875 1162 1017 1197 videtur
1037 1161 1151 1209 possi-

90 1219 174 1255 bilis
195 1220 398 1266 explicandi
419 1219 560 1255 modus.
621 1219 750 1267 Addo,
773 1223 810 1255 et
831 1222 1049 1268 superfluum
1071 1232 1150 1256 esse

90 1277 286 1325 influxum,
317 1289 380 1314 eur
404 1279 501 1314 enim
524 1279 584 1314 det
619 1289 746 1315 monas
775 1280 923 1315 monadi
951 1280 1047 1326 quod
1070 1280 1150 1324 jam

90 1335 225 1372 habet?
286 1338 424 1385 Nempe
451 1339 536 1373 haec
565 1338 643 1384 ipsa
664 1341 794 1374 natura
835 1339 1059 1375 substantiae
1079 1342 1147 1387 est,

89 1398 129 1431 ut
155 1406 326 1442 praesens
354 1397 401 1431 sit
432 1396 620 1441 gravidum
649 1398 772 1433 futuro
802 1400 838 1433 et
869 1401 907 1434 ut
929 1409 976 1433 ex
997 1399 1147 1434 0110111-

90 1454 205 1501 telligi
234 1455 374 1501 possint
395 1456 538 1503 onmia,
570 1457 698 1492 saltem
719 1457 756 1492 ni
778 1457 874 1493 Deus
895 1457 1072 1494 miraculo
1094 1458 1148 1493 111-

89 1513 259 1548 tereedat.

148 1572 205 1607 Ad
227 1572 503 1609 similitudinem
525 1576 639 1619 tuam,
662 1575 779 1610 fateor
803 1573 934 1619 majori
950 1578 1026 1611 arte
1042 1584 1149 1620 agere

88 1629 343 1679 Arebiteetum,
365 1632 426 1678 qui
448 1632 586 1678 lapides
608 1636 703 1668 recte
723 1636 931 1680 componat,
954 1643 1065 1679 quam
1086 1634 1148 1679 qui
1177 1641 1179 1666 5

87 1689 224 1736 lapides
255 1693 330 1726 tam
358 1691 484 1727 doctos
505 1691 651 1727 aliunde
672 1694 796 1727 nactus
818 1691 884 1737 sit,
920 1694 962 1727 ut
980 1691 1052 1737 ipsi
1070 1694 1148 1726 tan-

88 1751 166 1783 tum
186 1750 424 1796 comportati,
454 1752 567 1785 semet
594 1750 632 1784 in
654 1750 820 1785 ordinem
841 1749 1018 1795 redigant.

1179 768 1182 796 l

981 807 1153 850 Quintam

756 123 886 161 XCIII.
917 121 988 159 AD
1019 121 1108 159 DES
1139 120 1308 159 BOSSES
1338 121 1570 160 EPISTOLA
1597 123 1774 163 XXVIII.

1209 228 1274 264 per
1303 226 1395 263 quae
1430 219 1553 264 partes
1574 217 1772 254 uniantur‘ss

1209 280 1310 321 garet
1320 275 1335 311 ’ἓ

1267 334 1336 370 Ais
1362 344 1436 371 non
1465 333 1590 370 videre
1611 336 1669 383 te,
1698 346 1761 371 cur
1784 347 1859 372 non
1878 339 1993 384 possit
2012 340 2151 388 aliquid
2172 343 2268 378 reale

1210 404 1308 441 esse,
1337 392 1435 439 quod
1463 394 1703 430 substantiale
1724 405 1796 431 non
1818 394 1877 430 sit.
1938 397 2006 433 Hic
2025 401 2118 436 forte
2138 401 2183 436 de
2203 412 2268 437 no-

1210 453 1308 488 mine
1327 452 1520 499 litigamus
1583 453 1705 489 Potest
1726 454 1960 489 substantiale
1981 456 2071 505 (1101,
2100 460 2269 506 quiequid

1211 511 1432 547 modificatio
1467 522 1542 548 non
1571 514 1625 547 est
1635 519 1645 558 3
1676 511 1899 548 modificatio
1928 517 2051 550 autem
2072 518 2269 555 essentiali·

1211 573 1268 607 ter
1295 580 1461 606 connexa
1488 572 1542 606 est
1569 570 1623 617 ei,
1653 571 1756 616 quus
1777 574 1831 607 est
1852 571 2084 609 modificatio.
2143 576 2269 623 Itaque

1211 629 1434 666 modificatio
1468 640 1542 666 non
1576 632 1697 676 potest
1730 641 1806 666 0550
1843 630 1920 667 51110
1947 631 2130 680 subjecto,
2169 636 2268 672 verbi

1211 689 1341 736 gratia,
1364 689 1476 725 sessio
1497 689 1573 725 sine
1596 689 1759 725 sedente:
1788 692 1908 736 potest
1928 693 2049 727 tamen
2072 692 2182 728 etiam
2203 694 2269 729 ali-

1211 752 1267 785 ter
1289 748 1527 784 substantiale
1555 748 1716 797 definiri,
1752 752 1792 784 ut
1820 749 1867 784 sit
1896 750 1999 785 fons
2027 750 2270 789 modifica-

1210 808 1398 844 tionum.
1459 807 1538 843 Hoc
1558 809 1678 854 posito
1699 808 1824 854 quaeri
1846 812 1987 856 potest,
2009 819 2056 844 an
2077 810 2192 856 possit
2211 822 2269 847 res

1832 220 1905 258 Cur
1940 232 2028 269 ergo
2064 223 2173 262 nobis
2208 235 2269 261 ne-

1183 864 1184 902 l
1211 867 1309 915 dari,
1340 877 1432 914 quae
1460 877 1576 914 neque
1604 867 1651 902 sit
1672 866 1911 915 modificatio,
1942 878 2059 914 neque
2087 869 2169 904 fons
2191 880 2269 906 mo·

1183 916 1184 926 ¹
1211 926 1478 974 dificationum,
1515 925 1637 973 qualia
1672 926 1870 962 accidentia
1904 927 2113 962 Scholastici
2149 929 2270 964 conci-

1077 1749 1147 1785 5011
1176 1764 1178 1795 l

89 1806 247 1842 vicissim
276 1808 382 1843 credo
411 1808 582 1842 infinities
609 1808 899 1843 artifieiosiorem
921 1809 998 1843 fore
1019 1807 1146 1844 Archi·

89 1867 234 1911 tectum,
257 1866 318 1910 qui
339 1866 478 1912 lapides
500 1869 574 1901 tam
596 1867 720 1902 doctos
745 1867 922 1902 fabricare
942 1866 1070 1914 possit.

147 1924 263 1959 Addis
291 1935 358 1970 pro
380 1924 560 1960 auctario:
591 1926 786 1973 monades,
817 1937 909 1972 quae
929 1936 975 1961 ex
995 1925 1146 1972 proprio
1173 1951 1174 1960 ,

88 1991 183 2027 penu
211 1982 367 2017 habeant
389 1983 692 2030 modificationes,
714 1984 801 2030 poni
821 1985 951 2031 gratis,
974 1986 1013 2019 ut
1034 1983 1146 2030 gratis
1173 2011 1174 2015 ,

87 2040 236 2086 1101111111
270 2041 368 2076 calor
403 2052 512 2085 agens
542 2043 619 2077 sine
648 2043 903 2078 mechanismo.
963 2043 1042 2077 Hoc
1071 2053 1146 2077 non

87 2098 287 2134 auctarium
314 2102 389 2146 est,
421 2100 483 2135 sed
514 2101 750 2147 primarium3
783 2105 817 2137 et
846 2104 884 2137 01
913 2101 1024 2136 sentis
1040 2101 1146 2137 nobis

86 2156 132 2192 ad
167 2157 271 2193 initia
305 2158 527 2194 redeundum
562 2163 615 2195 est
651 2160 752 2206 quasi
788 2160 879 2195 nihil
907 2160 1145 2206 scripsissem.

86 2215 275 2252 Caeterum
311 2217 486 2252 monades
523 2219 647 2254 omnia
682 2230 729 2254 ex
765 2229 860 2266 penu
896 2230 961 2254 suo
997 2219 1143 2266 (1000111,

87 2284 159 2310 11011
194 2278 234 2311 01
268 2276 367 2312 calor
402 2277 636 2314 scholasticus
674 2289 757 2314 51105
786 2279 931 2314 effectus
963 2278 1143 2324 producit,
1172 2291 1175 2303 ⁴

89 2332 152 2367 sed
182 2335 423 2371 mechanismo
452 2336 611 2382 quodam
640 2337 845 2383 eminente,
882 2341 921 2373 ut
943 2338 992 2372 sic
1013 2337 1143 2382 dicam,

88 2390 150 2437 qui
180 2392 451 2430 fundamentum
479 2398 551 2442 est,
580 2399 615 2431 et
644 2395 889 2431 coneentratio
912 2396 1144 2431 mechanismi

89 2450 263 2497 corporei,
287 2452 337 2487 ita
358 2456 396 2489 ut
418 2453 564 2502 modus,
587 2465 659 2501 quo
682 2466 793 2490 unum
815 2465 862 2490 ex
884 2455 1006 2502 aliquo
1029 2454 1145 2501 sequi-

90 2509 159 2553 tur,
181 2509 351 2554 explicari
371 2512 494 2557 possit.

147 2565 245 2602 Haec
274 2569 402 2605 merito
431 2571 621 2617 praemisi3
650 2582 735 2607 nam
766 2572 795 2607 si
825 2572 944 2608 nullae
966 2574 1147 2608 501111110-

90 2623 200 2660 nades
236 2626 359 2671 quales
392 2631 575 2677 concipio,
613 2631 745 2666 frustra
775 2631 819 2666 (10
848 2641 973 2666 0310111
1003 2630 1146 2666 vinculo

89 2682 341 2721 deliberamus.
392 2686 495 2723 Nunc
523 2689 839 2735 0(1(1001»5110110111
869 2690 995 2735 venio,
1025 2692 1146 2725 utrum

91 2742 158 2777 hoc
193 2743 399 2790 vinculum,
436 2746 465 2780 si
495 2747 619 2794 datur,
658 2749 705 2783 sit
732 2748 868 2794 aliquid
895 2748 1145 2784 substantiale.

91 2800 146 2837 Ita
167 2801 255 2837 mihi
279 2802 395 2837 visum
417 2807 487 2850 est,
517 2808 551 2840 et
572 2807 706 2853 alioqui
728 2807 854 2842 inutile
877 2807 1022 2853 judico,
1058 2817 1147 2853 quo-

89 2859 200 2896 modo
233 2860 330 2896 enim
365 2861 454 2896 alias
490 2863 727 2900 substantiam
756 2866 998 2912 compositam
1027 2866 1145 2911 faciet,

89 2918 190 2963 eujus
210 2919 327 2965 gratia
347 2919 722 2958 0111001011ὀ(1001101ἔ
754 2924 821 2960 Sed
843 2925 972 2969 objicis
992 2924 1146 2971 primo

91 2989 167 3013 1100
188 2990 265 3014 esse
284 2978 502 3025 principium
522 2980 685 3028 actionis,
708 2993 788 3018 cum
809 2984 856 3019 sit
877 2984 992 3019 instar
1011 2983 1143 3019 Εο1105.

91 3036 309 3084 Respondco
337 3037 464 3073 etiam:
526 3037 623 3073 Echo
651 3040 799 3076 reddens
835 3046 889 3077 est
925 3042 1145 3089 principium

92 3095 253 3132 aetionis.
314 3097 394 3132 Hoc
422 3096 602 3132 vinculum
631 3096 699 3131 0111
726 3099 942 3146 principium
963 3101 1144 3136 actionem

92 3154 314 3190 substantiae
335 3155 577 3202 compositaeg
598 3157 635 3190 et
655 3154 716 3200 qui
738 3168 816 3192 eam
838 3159 997 3194 admittit
1019 3160 1078 3203 (ut
1095 3160 1142 3194 fa-

91 3212 141 3247 cit
161 3213 198 3247 ni
222 3214 327 3249 fallor
348 3214 468 3250 omnis
488 3210 637 3259 schola)
660 3213 771 3248 etiam
792 3215 857 3251 hoc
880 3217 1061 3253 vinculum
1083 3217 1145 3253 ad-

90 3270 220 3306 mittet.
282 3272 412 3308 Nonne
439 3273 562 3310 5011013
589 3272 759 3308 hactenus
787 3273 961 3319 principia
982 3277 1148 3311 substan·

90 3329 191 3366 tialia
212 3332 403 3378 compositi
425 3343 537 3370 unum
558 3342 622 3380 per
643 3342 680 3368 se
699 3331 961 3380 constituentis,
984 3335 1146 3383 agnovit,

1210 985 1335 1033 piunt,
1374 996 1467 1032 quae
1502 985 1626 1020 dicunt
1661 996 1739 1020 esse
1775 985 1988 1021 naturaliter
2022 985 2061 1020 in
2090 986 2268 1035 subjecto,

1209 1055 1284 1080 non
1314 1047 1436 1080 tamen
1463 1044 1729 1090 essentialiter,
1765 1054 1847 1080 00111
1876 1055 1940 1090 1101
1966 1043 2172 1080 absolutam
2199 1047 2270 1082 Dei

1209 1103 1408 1150 potentiam
1430 1104 1571 1150 possint
1591 1114 1668 1139 esse
1690 1104 1767 1138 sine
1787 1101 1964 1146 subjecto.
2014 1103 2083 1138 Sed
2105 1104 2270 1140 nondum

1209 1163 1317 1198 video
1346 1162 1531 1209 quomodo
1559 1162 1631 1197 tale
1653 1162 1738 1208 quid
1770 1161 1945 1207 explicari
1972 1161 2105 1209 possit,
2139 1162 2171 1198 si
2201 1163 2269 1199 dif-

1210 1223 1279 1258 fert
1308 1233 1330 1258 a
1358 1232 1440 1258 meo
1477 1222 1620 1257 vinculo
1651 1220 1902 1268 substantiali,
1939 1220 2037 1267 quod
2071 1231 2196 1257 revera
2231 1221 2269 1258 in

1209 1280 1372 1325 subjecto
1393 1283 1467 1329 est,
1491 1291 1566 1318 non
1587 1283 1708 1316 tamen
1730 1282 1771 1315 ut
1791 1279 1974 1326 accidens,
2004 1278 2067 1314 sed
2088 1283 2128 1315 ut
2148 1281 2271 1316 forma

1209 1341 1478 1388 substantialis,
1505 1340 1602 1388 apud
1625 1339 1806 1384 scholam,
1838 1349 1901 1374 seu
1922 1341 1962 1374 ut
1984 1338 2064 1373 sons
2086 1339 2270 1374 modifica-

1207 1399 1360 1446 tionum,
1384 1401 1466 1435 lieet
1487 1410 1550 1447 per
1571 1399 1721 1435 modum
1744 1397 1871 1433 Eehus.
1931 1397 2058 1443 Itaque
2078 1397 2200 1434 neseio
2221 1407 2268 1433 an

1206 1457 1311 1494 detur
1330 1459 1496 1495 accidens
1524 1457 1854 1505 praedicamentale
1883 1456 2028 1492 realiter
2056 1456 2268 1491 distinctum

1206 1528 1228 1553 a
1249 1517 1433 1564 subjecto,
1471 1517 1568 1563 quod
1590 1527 1665 1552 non
1687 1517 1733 1551 sit
1754 1515 1919 1551 accidens
1941 1513 2205 1560 praedieabile3
2233 1517 2269 1550 ct

1206 1587 1252 1611 an
1275 1576 1378 1611 detur
1399 1575 1563 1611 accidens
1584 1573 1843 1621 praedicabile,
1873 1571 1970 1619 quod
1990 1582 2063 1607 non
2085 1573 2131 1607 sit
2152 1571 2269 1608 modi-

1206 1634 1345 1680 ficatio,
1366 1632 1672 1679 quemadmodum
1689 1631 1768 1675 jam
1789 1629 1964 1678 dubitavi,
1987 1640 2035 1665 an
2055 1631 2159 1667 detur
2178 1631 2270 1667 aeci·

1205 1691 1293 1727 dens
1320 1691 1645 1738 praedieamentale
1674 1690 1883 1725 distinctum
1915 1699 1936 1724 a
1957 1689 2140 1737 subjecto,
2169 1689 2269 1736 quod

1205 1750 1426 1786 modificatio
1461 1761 1533 1785 non
1570 1750 1628 1784 sit.
1688 1748 1768 1784 Nisi
1804 1747 1884 1793 quis
1913 1747 1999 1781 velit
2028 1747 2270 1784 substantiale

1205 1809 1396 1855 compositi
1424 1808 1589 1843 accidens
1616 1807 1688 1842 tale
1717 1807 1850 1852 faeere,
1884 1804 1968 1851 quia
1996 1815 2070 1840 non
2099 1808 2152 1841 est
2185 1807 2269 1843 fons

1205 1868 1392 1914 primitivi*-
1406 1890 1424 1913 2,
1446 1866 1508 1901 sed
1531 1865 1639 1900 Eeho.
1701 1863 1769 1898 Sed
1799 1863 1850 1898 ita
1876 1863 1999 1899 nescio
2019 1875 2065 1900 an
2087 1865 2268 1901 sustinere

1203 1926 1381 1972 possimus
1410 1923 1652 1960 substantiam
1673 1922 1887 1969 compositi,
1917 1922 1989 1957 nisi
2012 1923 2163 1959 velimus
2185 1933 2267 1960 eam

1204 1984 1379 2019 resultare
1399 1995 1445 2019 ex
1466 1982 1725 2019 accidentibus.
1756 1981 1950 2022 Quomodo
1970 1991 2055 2017 vero
2077 1985 2162 2018 tunc
2183 1993 2266 2030 pos-

1204 2043 1251 2078 sit
1279 2053 1300 2077 a
1322 2042 1426 2078 vobis
1447 2041 1621 2089 explicari
1642 2051 1716 2076 non
1739 2039 1856 2076 video.
1916 2040 2047 2075 Malim
2068 2052 2155 2086 ergo
2175 2041 2261 2089 dici,

1206 2112 1391 2148 superesse
1412 2101 1559 2148 quidem
1581 2111 1654 2135 non
1676 2099 1914 2145 substantias,
1937 2099 2000 2134 sed
2021 2099 2179 2148 species,
2203 2109 2264 2135 eas

1204 2164 1325 2196 autem
1347 2171 1419 2196 non
1441 2171 1519 2195 esse
1540 2158 1735 2205 illusorias,
1759 2161 1797 2193 ut
1818 2160 2020 2205 somnium,
2043 2161 2106 2194 aut
2128 2161 2166 2194 ut
2187 2157 2262 2203 gla-

1204 2219 1284 2254 dius
1310 2231 1356 2254 ex
1385 2219 1530 2266 speculo
1560 2228 1719 2254 concavo
1747 2217 1783 2252 in
1814 2227 1880 2252 nos
1908 2219 2112 2264 porrectus,
2140 2220 2203 2253 aut
2223 2220 2264 2252 ut

1205 2279 1342 2314 Doctor
1379 2278 1575 2314 Faustus
1621 2276 1833 2312 comedebat
1868 2286 2014 2311 currum
2051 2277 2160 2311 foeno
2190 2275 2263 2322 ple-

1203 2347 1303 2383 num,
1330 2336 1391 2372 sed
1412 2347 1498 2372 vera
1519 2337 1781 2383 phaenomena,
1803 2334 1839 2369 id
1859 2337 1915 2369 est
1937 2345 1980 2370 eo
2000 2345 2107 2369 sensu
2129 2337 2166 2369 ut
2182 2333 2263 2381 Iris,

1173 2411 1174 2424 ³
1204 2396 1261 2430 vel
1281 2395 1464 2430 Parelium
1486 2399 1539 2430 est
1560 2394 1715 2441 species,
1739 2393 1836 2439 imo,
1860 2396 1900 2427 ut
1921 2392 2118 2428 secundum
2140 2392 2262 2427 Carte-

1204 2455 1336 2501 513005,
1358 2456 1393 2488 01
1415 2453 1608 2489 secundum
1630 2451 1831 2497 veritatem,
1853 2450 1992 2486 colores
2013 2454 2096 2486 sunt
2112 2449 2261 2497 species.

1206 2513 1251 2548 Et
1286 2515 1404 2559 potest
1440 2512 1511 2548 diei
1546 2511 1644 2547 entia
1679 2509 1901 2556 composita,
1945 2519 2037 2555 quae
2071 2520 2145 2544 non
2180 2511 2264 2544 sunt

1205 2582 1318 2607 unum
1340 2582 1403 2618 per
1424 2582 1483 2618 se,
1505 2581 1567 2606 seu
1590 2569 1735 2604 vinculo
1756 2567 1989 2604 substantiali
2011 2563 2110 2616 (sive
2131 2570 2172 2603 ut
2191 2566 2264 2602 Al·

1174 2619 1176 2627 ¹
1207 2632 1224 2666 f
1230 2642 1248 2665 e
1260 2642 1282 2665 n
1293 2641 1341 2666 us
1361 2630 1470 2666 JCtus
1492 2630 1530 2664 in
1551 2628 1712 2676 digestis,
1736 2638 1838 2663 more
1857 2627 2070 2672 Stoicorum,
2083 2625 2262 2672 quuitur)

1206 2700 1276 2725 uno
1297 2689 1426 2736 spiritu
1449 2700 1520 2724 non
1541 2687 1784 2733 eontinentur,
1806 2696 1881 2720 esse
1902 2684 2110 2730 semientia3
2139 2694 2264 2729 aggre-

1206 2751 1288 2795 gata
1318 2748 1601 2783 substantiarum
1623 2744 1861 2791 simplicium,
1890 2746 1930 2779 ut
1950 2743 2173 2789 exercitum,
2204 2741 2262 2777 vel

1206 2818 1373 2843 acervum
1416 2806 1580 2853 lapidum
1625 2815 1702 2839 0550
1745 2802 2072 2847 50111150115100111151
2109 2801 2260 2846 0010105,

1207 2867 1357 2912 odores,
1394 2875 1540 2911 sapores
1576 2866 1642 2898 010.
1681 2873 1757 2897 0550
1792 2859 2097 2896 semiaecidentia.
2165 2858 2261 2893 Hace

1206 2925 1329 2960 omnia
1358 2924 1388 2959 si
1417 2924 1515 2959 solae
1544 2924 1660 2957 essent
1682 2919 1875 2966 monades,
1905 2919 1984 2954 sine
2005 2916 2156 2954 vinculis
2177 2915 2260 2951 sub-

1203 2983 1447 3029 stantialibus,
1471 2983 1592 3017 forent
1613 2990 1713 3015 mera
1734 2979 2002 3025 phaenomena,
2025 2975 2091 3012 etsi
2112 2984 2209 3011 vera.

1261 3043 1377 3077 Porro
1397 3041 1466 3076 hoc
1486 3040 1627 3087 ipsum:
1658 3037 1871 3073 monades
1899 3035 2065 3072 habere
2095 3033 2150 3067 vel
2172 3032 2261 3067 tales

1204 3100 1336 3137 habere
1365 3099 1556 3145 monades,
1586 3100 1639 3133 est
1669 3097 1832 3132 naturale
1852 3093 2016 3140 quidem,
2044 3094 2261 3127 nontamen

1203 3159 1412 3204 essentiale,
1441 3158 1505 3193 sed
1532 3155 1752 3192 accidentale
1779 3150 2000 3188 substantiae
2028 3150 2260 3196 compositae.

1204 3218 1298 3253 Nam
1320 3217 1397 3252 fieri
1419 3218 1559 3263 potest,
1582 3218 1623 3250 ut
1651 3224 1714 3260 per
1742 3211 1947 3247 absolutam
1968 3209 2036 3244 Dei
2057 3208 2261 3256 potentiam

1203 3280 1316 3312 cesset
1346 3286 1425 3310 0550
1446 3275 1563 3320 Eeho,
1601 3275 1637 3308 et
1657 3269 1831 3306 Monades
1861 3267 1907 3303 ab
1935 3267 2013 3314 ipsa
2038 3269 2260 3314 separentur.

1206 3335 1329 3382 Itaque
1351 3334 1381 3370 si
1403 3331 1599 3370 secundum
1615 3328 1828 3376 hypotheses
1850 3329 1998 3374 vestras,
2020 3325 2163 3363 vincula
2179 3324 2261 3361 sub-
