2361 3643
607 149 822 188 LXXXIV.
884 148 955 186 AD
986 149 1074 185 DES
1105 149 1271 187 BOSSES
1303 150 1530 188 EPISTOLA
1561 149 1686 188 XXII.

65 244 86 294 (
94 243 376 293 quotusquisque
403 242 502 278 enim
531 243 576 279 de
603 242 674 278 illis
696 241 921 288 cogitavittl)
955 242 1016 278 sed
1037 242 1119 279 sub-

63 299 273 341 stantiatum
307 313 373 349 per
408 301 551 339 vincula
585 301 842 338 substantialia
879 304 1021 349 ortum,
1056 312 1119 338 seu

60 361 312 408 compositum.

119 420 235 455 Venio
251 430 345 455 nunc
360 418 404 454 ad
423 421 521 454 tuam
537 417 817 465 explicationem
831 416 1116 452 Transsubstan-
1144 442 1145 452 ,

61 478 244 524 tiationis,
275 477 534 513 instituendam
563 478 595 512 si
615 477 714 512 nulla
734 479 850 511 essent
873 476 1014 511 vincula
1034 472 1116 512 sub'-

60 537 245 572 stantialia
274 540 311 572 et
330 536 572 571 substantiata
594 546 694 571 mera
715 538 835 570 essent
856 534 1115 581 phaenomena.

59 594 126 630 Ais
162 595 336 630 monades
370 595 475 641 panis
503 598 538 629 et
569 594 643 628 vini
672 593 826 638 destrui,
863 593 1022 639 aliasque
1042 592 1115 628 illis

60 653 252 700 substitui,
282 653 512 688 manentibus
534 655 656 687 tamen
676 652 715 686 in
736 651 926 687 animabus
947 650 1116 687 omnibus

61 712 165 756 panis
193 718 230 746 ct
260 711 336 747 vini
363 711 674 757 perceptionibus,
706 710 853 756 perinde
873 721 915 745 ac
935 709 967 744 si
988 720 1113 745 mona-

60 769 125 804 des
160 780 283 806 earum
319 769 554 804 mansissent:
614 769 729 804 Porro
764 768 976 804 substitutas
1012 769 1116 814 panis

61 839 137 863 esse
173 828 347 864 monades
376 827 538 874 corporis
560 827 703 862 Christi.
762 827 831 862 Sed
867 827 944 873 ipsc
971 826 1116 872 quaeris

59 886 209 934 merito,
239 897 301 922 cur
328 885 489 921 dicamus
516 886 606 920 alias
635 885 808 920 monades
831 885 1012 931 prioribus
1033 885 1116 921 sub-

60 945 226 991 stitutas,
256 947 319 980 aut
349 944 387 978 in
415 954 487 989 quo
508 945 680 979 consistat
703 943 765 978 illa
786 943 1020 991 substitutio,
1049 954 1115 978 nec
1142 935 1144 979 ]

60 1001 165 1037 video
194 1002 379 1049 quomodo
408 1002 444 1036 id
472 1002 646 1049 explicari
668 1002 802 1049 possit,
838 1013 881 1037 eo
901 1013 1007 1049 casu,
1043 1012 1115 1048 quo

60 1060 148 1095 nihil
170 1061 208 1096 in
230 1065 360 1096 natura
382 1061 539 1107 ponitur,
562 1061 630 1096 nisi
653 1060 839 1107 monades,
861 1064 897 1095 et
919 1057 1129 1096 monaduur

62 1119 311 1165 perceptiones
358 1120 620 1165 respondentes
660 1118 951 1165 perceptionibus
992 1129 1118 1154 mona-
1144 1113 1145 1120 ¹

502 1178 569 1213 Sed
593 1178 642 1213 ita
663 1188 789 1212 revera
810 1177 998 1213 dicendum
1022 1179 1116 1212 soret
1142 1219 1143 1224 ¹

60 1235 259 1271 accidentia
288 1236 414 1282 panis,
451 1239 487 1271 et
517 1236 591 1272 vini
621 1237 699 1271 sore
731 1236 769 1271 in
795 1247 946 1281 corpore
968 1236 1112 1282 Christi,
1142 1231 1143 1250 ³

635 1294 760 1340 Neque
784 1285 829 1327 τὸ
852 1295 933 1329 hoc
954 1298 1023 1330 est
1044 1294 1115 1329 illis
1143 1298 1144 1303 ’

60 1354 224 1398 corporis
247 1352 379 1388 Christi
417 1353 631 1388 monadibus
651 1356 746 1387 recte
772 1353 1033 1400 tribueremus,
1069 1363 1116 1387 ex
1142 1364 1143 1385 1

58 1410 126 1445 hoc
147 1411 226 1445 solo
254 1410 350 1456 quod
372 1411 505 1445 suerint
534 1422 662 1446 causae
693 1411 825 1446 ideales
847 1411 885 1445 in
907 1415 1026 1446 mente
1046 1412 1115 1446 Dei
1143 1412 1144 1452 l

1142 1464 1145 1505 ζ
1173 1470 1341 1517 quidem,
1373 1481 1419 1504 ex
1447 1480 1519 1514 quo
1540 1478 1718 1514 nuperum
1740 1465 1947 1501 fasciculum
1967 1465 2035 1500 Dn.
2058 1464 2102 1499 D.
2123 1464 2230 1500 Beli-

60 1177 147 1211 dum
168 1178 442 1213 destructarum.

60 1293 159 1339 quod
181 1295 311 1330 merito
332 1293 573 1340 improbatur.

57 1468 185 1503 harum
216 1469 253 1503 in
282 1468 388 1503 nobis
410 1471 700 1515 perceptionum:
736 1479 865 1504 causae
893 1469 1029 1504 ideales
1060 1479 1116 1503 ra-

58 1526 194 1561 tionem
230 1526 402 1561 causandi
437 1527 571 1562 habent
606 1527 879 1572 perceptionum
916 1528 1116 1562 alienarum

58 1595 124 1630 per
158 1585 405 1631 perceptiones
439 1595 521 1619 suas
555 1584 627 1619 illis
661 1584 930 1630 respondentes.

59 1817 97 1851 id
125 1824 178 1851 est
206 1817 277 1851 nisi
299 1817 545 1863 perceptiones
566 1828 691 1852 eorum
714 1818 804 1852 tales
825 1821 959 1863 essent,
991 1818 1115 1863 quales

60 1877 204 1910 fuerant
226 1875 263 1909 in
286 1876 502 1910 monadibus
525 1876 649 1921 panis,
673 1879 708 1910 et
730 1876 826 1921 vini,
855 1879 894 1911 ut
916 1886 1042 1910 causae
1064 1879 1116 1910 ta-
1142 1882 1143 1886 ’

59 1933 111 1968 les
148 1933 275 1968 idealis
310 1937 515 1968 nostrarum
552 1934 843 1980 pie-rc‹;›ptionum,
879 1937 988 1979 atque
1023 1934 1115 1968 adeo
1144 1955 1145 1976 ;

59 1991 220 2035 subjecta
248 1992 486 2027 accidentium
515 1992 769 2037 apparentium
798 1992 972 2037 appellari
1002 2003 1116 2026 mere·
1144 2006 1145 2010 ¹

1142 2044 1144 2066 l
1176 2052 1257 2087 Fuit
1286 2051 1485 2085 Canonicus
1520 2048 1694 2091 regularis
1722 2046 1960 2088 Nuissiensis3
1996 2044 2057 2078 sed
2085 2054 2233 2090 nomen,

60 2054 195 2085 rentur.
255 2050 328 2084 Vix
350 2051 469 2096 itaque
492 2050 617 2094 video,
647 2049 831 2095 quomodo
853 2061 909 2084 res
930 2060 975 2084 ex
1008 2050 1116 2084 meris

59 2108 295 2154 monadibus,
333 2112 368 2143 et
407 2108 664 2154 phaenomenis
700 2108 916 2155 sufficienter
943 2107 1145 2154 explicari,

1041 2166 1116 2200 Ad-

58 2167 194 2213 possit,
225 2168 285 2202 sed
315 2167 518 2202 addendum
551 2170 607 2201 cst
635 2166 770 2212 aliquid
792 2166 977 2201 realizans.

58 2226 170 2260 missa
196 2228 318 2260 autem
347 2225 580 2260 realizatione
603 2226 952 2271 phaenomenorum,
977 2227 1012 2258 et
1033 2225 1116 2259 sub-

59 2283 203 2318 stantiis
238 2284 384 2330 positis,
421 2287 546 2329 putem
575 2295 646 2318 non
682 2295 759 2317 esse
787 2294 878 2329 opus
915 2283 1117 2317 sublatione

59 2341 277 2388 monadum,
304 2343 366 2377 sed
394 2344 558 2377 sut'ticere
585 2342 847 2387 sublationem,
884 2344 919 2375 et
947 2341 1117 2376 substitu—

60 2400 198 2435 tionem
218 2399 315 2445 ejus,
338 2401 433 2446 quod
455 2400 692 2435 substantiam
722 2399 960 2446 compositam
983 2400 1117 2434 sorma-
1144 2443 1145 2452 ἵ

60 2458 143 2493 liter
171 2454 383 2503 constituit,
414 2459 511 2503 quod
541 2459 714 2493 monades
736 2469 811 2493 non
833 2458 989 2503 faciunt,
1026 2468 1117 2503 quae

58 2517 226 2549 manente
254 2516 457 2551 substantia
484 2517 686 2562 composita
725 2517 866 2562 adesse,
899 2517 954 2551 vel
991 2516 1117 2551 abesse
1146 2543 1147 2546 η

58 2575 221 2619 possunt.

116 2629 288 2676 Quaeris,
326 2630 358 2664 si
388 2630 478 2664 reali
508 2631 719 2665 extensione
741 2642 831 2676 opus
852 2642 923 2665 non
946 2634 1019 2676 est,
1056 2642 1119 2666 eur

59 2698 151 2734 opus
171 2688 217 2722 sit
237 2688 389 2722 materia
409 2688 548 2734 prima,
578 2700 644 2722 nec
665 2689 742 2723 sola
765 2689 971 2723 Entelecliia
993 2700 1117 2724 mona-

58 2747 140 2781 dem
163 2746 381 2780 constituat!
444 2746 736 2792 Responderem,
761 2747 790 2780 si
812 2747 911 2780 solae
932 2750 1017 2781 sunt
1038 2758 1115 2782 mo-

58 2804 169 2840 nades
199 2815 281 2839 cum
308 2804 381 2838 suis
402 2804 711 2850 perceptionibus,
742 2805 930 2838 materiam
958 2805 1116 2850 primam
1143 2847 1145 2850 Ι

59 2863 150 2898 nihil
178 2863 275 2897 aliud
308 2864 401 2908 fore,
434 2872 543 2907 qnam
566 2862 766 2907 potentiam
788 2862 984 2897 monadum
1005 2864 1116 2908 passi·
1143 2855 1145 2864 Α

60 2931 164 2968 vam,
186 2924 221 2956 et
242 2921 485 2955 Entelechiam
508 2921 586 2955 fore
607 2920 757 2954 eandem
780 2921 957 2963 activamg
980 2921 1034 2954 sin
1056 2921 1116 2955 ad-

60 2979 125 3013 das
152 2979 371 3014 substantias
400 2980 638 3024 compositas,
668 2978 824 3012 dicerem
853 2979 889 3011 in
910 2978 998 3023 ipsis
1019 2979 1116 3024 prin-

60 3036 196 3082 cipium
214 3037 438 3072 resistentiae
454 3036 620 3071 accedere
637 3035 769 3070 debere
786 3035 966 3081 principio
983 3037 1115 3081 activo,
1143 3063 1145 3078 ᾖ

62 3094 138 3128 sive
158 3094 283 3130 virtuti
305 3095 472 3131 motivae.
534 3094 687 3134 Quaeris
710 3104 839 3140 porro,
866 3104 928 3128 cur
957 3094 1117 3128 intinitae

62 3153 145 3186 actu
172 3154 368 3188 monades!
430 3152 662 3199 Respondeo,
699 3152 745 3187 ad
781 3152 849 3186 hoc
885 3153 1115 3185 suffecturam

64 3219 190 3243 earum
212 3211 502 3255 possibilitatem,
526 3221 607 3245 eum
629 3212 787 3256 praestat
807 3220 915 3254 quam
937 3208 1116 3243 ditissima
1142 3209 1145 3211 ’

64 3277 142 3301 esse
163 3277 273 3312 opera
294 3267 376 3301 Dei:
406 3268 468 3303 sed
496 3268 593 3303 idem
614 3268 727 3313 exigit
749 3278 866 3302 rerum
889 3267 997 3312 ordo,
1027 3266 1115 3300 alio-

64 3324 126 3369 qui
177 3334 249 3360 nou
297 3325 467 3360 omnibus
515 3325 795 3371 assignabililnis
836 3323 1145 3371 percipientibus

1146 293 1147 297 Ἰ
1177 245 1427 291 phaenomena
1468 244 1735 291 responderent.

993 1585 1117 1630 Neque

57 1643 180 1689 itaque
216 1643 389 1678 monades
417 1643 580 1688 corporis
610 1643 742 1677 Christi
769 1653 877 1677 eausa
907 1642 1034 1679 idealis
1063 1654 1116 1677 es·
1144 1677 1145 1680 ,

58 1705 137 1736 sent
157 1701 491 1747 phaenomcnorum
512 1704 738 1747 nostrorum,
761 1701 831 1735 nisi
853 1701 991 1746 aliquid
1015 1701 1049 1736 in
1079 1712 1115 1735 se
1144 1701 1145 1719 ³

58 1759 234 1794 haberent
267 1760 509 1806 respondens,
548 1760 645 1805 quod
665 1760 912 1794 causalitatem
935 1760 1113 1805 fundaret,
1143 1777 1145 1810 ζ

2141 148 2226 190 687

1796 242 1843 279 Et
1885 254 1972 279 sanc
2011 243 2050 279 in
2091 245 2226 281 nostris

1177 303 1485 350 perceptionibus,
1530 305 1708 349 utcunque
1747 301 1946 349 distinctis,
1988 302 2226 348 intelligimus

1146 398 1147 402 ,
1174 363 1341 397 confusas
1362 362 1478 397 inesse
1506 361 1551 396 ad
1580 365 1751 408 quantam
1780 361 1868 397 libet
1894 360 2130 408 parvitatem,
2159 362 2227 397 ita-

1174 430 1242 466 que
1277 419 1332 455 his
1362 419 1534 455 monades
1561 420 1848 467 respondebunt,
1883 422 1922 455 ut
1951 418 2151 463 majoribus
2172 420 2227 455 di-

1173 478 1491 524 stinetioribusque
1518 478 1747 524 respondent.
1807 478 1958 519 Quaeris
1984 478 2159 525 denique,
2193 477 2226 513 si

1172 547 1321 582 pomum
1346 537 1493 572 realiter
1522 540 1711 572 extensum
1737 547 1810 572 non
1839 539 1912 583 est,
1948 547 2010 572 cur
2029 536 2227 573 rotundum.

1171 598 1321 642 apparet
1340 595 1460 641 potius
1481 605 1590 640 quam
1611 594 1851 641 quadratum}
1901 595 2138 642 Respondco,
2159 604 2224 641 po-

1173 665 1273 689 mum
1293 654 1431 700 ipsum,
1461 664 1542 689 cum
1571 653 1618 688 sit
1639 664 1702 688 ens
1722 664 1788 700 per
1809 653 2120 699 aggregationem,
2149 664 2226 689 non

1172 712 1241 748 nisi
1274 713 1550 760 phaenomenon
1586 723 1671 746 esse.
1733 712 1839 753 Quod
1867 714 2045 758 superest,
2080 711 2161 747 vale
2188 713 2226 747 et

1173 773 1264 808 fave.
1324 770 1469 808 Dabam
1489 770 1721 816 Guelferbyti
1745 770 1810 805 20.
1834 769 2012 816 Septemb.
2043 770 2167 805 1712.

1806 828 2059 863 Deditissimus

1718 887 1763 922 G.
1804 887 1846 921 G.
1887 886 2225 922 Lcibnitius.

1230 946 1271 982 Ι).
1294 947 1328 982 S.
1351 946 1605 981 Gratissimum
1626 945 1695 980 erit
1715 948 1858 992 aspectu
1881 947 1943 980 tuo
1964 945 2035 980 frui
2056 945 2119 980 ubi
2140 955 2225 992 pro-

1173 1005 1275 1041 ximo
1298 1016 1418 1041 mense
1439 1006 1477 1040 in
1498 1004 1562 1040 has
1583 1006 1703 1051 partes
1724 1003 1978 1040 excursionem
1997 1003 2137 1039 seceris.

1498 1211 1730 1248 EPISTOLA
1762 1210 1888 1247 xxa.

1413 1303 1824 1341 Reverendissime
1846 1305 1985 1350 pater,

1232 1411 1349 1447 Doleo
1380 1421 1438 1446 me
1459 1412 1628 1456 separato
1656 1407 1837 1454 colloquio
1859 1409 1921 1442 tuo
1942 1405 2089 1453 privari.
2151 1404 2229 1452 Ego

1175 1528 1333 1563 rensio
1355 1528 1437 1563 misi
1458 1538 1600 1572 semper
1620 1526 1676 1561 hic
1697 1524 1807 1560 haesi.

1233 1587 1360 1622 Prodit
1387 1586 1443 1620 hic
1472 1586 1655 1632 praeclara
1683 1582 1800 1617 versio
1828 1584 1907 1628 tua,
1943 1581 1980 1616 in
2008 1591 2079 1626 qua
2110 1590 2231 1616 recen-

1174 1644 1284 1679 senda
1305 1644 1508 1690 plusculum
1530 1643 1617 1677 mihi
1640 1641 1771 1676 alicubi
1793 1640 1944 1686 indulsi,
1975 1639 2071 1685 quod
2094 1641 2131 1674 tu
2152 1638 2231 1684 qui-

1175 1702 1258 1736 dem
1290 1705 1462 1748 tanquam
1493 1701 1528 1735 in
1550 1701 1669 1735 alieno
1693 1699 1827 1733 arctius
1854 1701 1888 1732 te
1911 1698 2030 1733 verbis
2052 1697 2230 1732 astrinxe-

1173 1761 1242 1807 ris,
1274 1772 1340 1807 ego
1371 1772 1455 1795 vero
1485 1758 1632 1793 liberius
1653 1757 1828 1803 quaedam
1849 1756 2031 1803 expressi,
2053 1759 2091 1790 ut
2112 1755 2232 1790 minus

1175 1820 1332 1855 Gallicas
1354 1818 1510 1862 origines
1531 1818 1566 1851 iu
1589 1816 1718 1851 Latino
1739 1815 1893 1860 sapiant.

1234 1877 1365 1912 Nescio
1400 1888 1448 1911 an
1476 1886 1523 1911 ex
1551 1878 1586 1909 te
1614 1873 1830 1920 quaesierim
1858 1872 1897 1906 in
1924 1870 2030 1906 amici
2063 1870 2233 1916 gratiam,

1174 1939 1296 1970 utrum
1319 1935 1471 1970 Colonia
1501 1934 1556 1967 vel
1578 1932 1724 1967 Nuissia
1748 1931 1830 1966 sciri
1853 1930 1987 1977 possit,
2016 1930 2095 1974 quis
2123 1928 2233 1963 fuerit

1174 1997 1300 2028 auctor
1335 1992 1457 2037 magni
1485 1991 1649 2026 Chronici
1672 1989 1803 2032 Belgici
1841 1999 1863 2022 a
1891 1988 2021 2023 Pisto
2033 1987 2099 2021 rio
2131 1986 2232 2020 editi.

1175 2114 1210 2145 et
1231 2109 1302 2143 alia
1324 2108 1370 2142 ad
1391 2108 1517 2142 Virum
1540 2104 1758 2152 pertinentia
1782 2103 1872 2138 scire
1894 2103 2075 2137 vellemus.

1232 2167 1268 2201 Si
1298 2167 1392 2201 ratio
1431 2164 1629 2207 excogitari
1659 2164 1797 2208 posset,
1834 2160 2046 2206 corporibus
2072 2159 2155 2193 licet
2185 2158 2234 2194 ad

1176 2225 1251 2260 sola
1279 2226 1528 2270 1·›liae11‹>mena
1558 2221 1729 2265 redactis,
1767 2218 1974 2265 explicandi
2011 2217 2232 2263 possibilita-

1144 2291 1145 2303 ¹
1176 2287 1248 2318 tem
1265 2281 1345 2315 τοῦ
1366 2276 1713 2328 flammamque&
1729 2277 1848 2322 vestri,
1861 2276 1896 2311 id
1913 2276 2053 2322 pridem
2072 2275 2232 2311 mallem.

1176 2342 1270 2377 Nam
1291 2339 1511 2386 Hypothesis
1533 2338 1596 2372 illa
1619 2336 1740 2371 multis
1762 2334 1878 2370 modis
1900 2334 2026 2380 placet.
2073 2333 2147 2368 Nec
2167 2333 2232 2367 ali-

1177 2412 1245 2445 qua
1267 2400 1339 2434 alia
1360 2411 1417 2445 re,
1442 2407 1550 2443 qnam
1572 2395 1811 2439 Monadilius,
1836 2402 2030 2438 earumque
2052 2391 2233 2426 modifica-

1178 2458 1337 2493 tionibus
1360 2456 1528 2501 internis,
1556 2454 1602 2489 ad
1624 2451 1892 2497 Philosophiam
1914 2450 2090 2496 oppositis
2109 2460 2233 2495 super-

1177 2516 1412 2559 naturalibus,
1436 2514 1650 2559 indigemus.
1709 2511 1777 2545 Sed
1800 2519 1937 2555 vereor,
1958 2511 1998 2543 ut
2018 2507 2233 2552 mysterium

1178 2572 1460 2617 Incarnationis,
1483 2571 1624 2615 aliaque
1645 2569 1826 2615 explicare
1847 2567 2041 2614 possimus,
2062 2566 2133 2601 nisi
2154 2566 2231 2601 vin-

1146 2621 1147 2687 }
1177 2634 1257 2668 cula
1280 2632 1390 2666 realia
1411 2641 1473 2664 seu
1495 2629 1646 2664 uniones
1669 2626 1854 2663 accedant.

1235 2690 1341 2731 Quod
1376 2692 1554 2734 superest,
1594 2687 1673 2721 vale
1707 2688 1743 2719 et
1772 2686 1870 2730 save,
1912 2693 1953 2718 ac
1981 2682 2133 2717 feliciter
2162 2681 2230 2715 iter

1177 2752 1278 2784 tuum
1294 2758 1435 2795 perage.
1463 2746 1606 2781 Dabam
1622 2745 1836 2779 llanoverae
1861 2741 2084 2777 lO-Octobr.
2106 2737 2225 2774 1712.

1796 2800 2052 2835 Deditissimus

1702 2860 1747 2894 G.
1769 2860 1813 2894 G.
1834 2856 2107 2894 Leibnitius.

1233 2922 1271 2955 P.
1293 2921 1327 2955 S.
1360 2920 1554 2955 Pecuniam
1584 2920 1653 2953 Du.
1677 2915 2038 2953 Romerskirlssio
2064 2909 2223 2945 debitam

1174 2979 1305 3023 adjicio
1326 2982 1420 3013 tuae.
1470 2978 1622 3013 Paululo
1645 2976 1763 3011 minus
1784 2986 1891 3021 quam
1925 2975 1945 3008 5
1970 2970 2122 3005 thaleros
2142 2977 2223 3001 con-

1175 3038 1259 3084 ficit,
1282 3047 1373 3082 quos
1393 3036 1520 3083 mitto,
1551 3046 1731 3083 rogoque,
1753 3038 1791 3070 ut
1812 3035 1845 3069 ei
1865 3031 1954 3068 solvi
1976 3038 2083 3063 cures.

1714 3374 1807 3407 870
