2361 3643
111 114 231 154 XXX
947 103 1469 145 PRAEFATIO.

115 201 185 246 the
214 201 297 245 late
326 196 497 245 learned
526 196 600 241 Mr.
632 192 820 239 Leibnitz
851 191 932 237 and
962 192 1037 237 Dr.
1071 191 1222 238 Clarke
1252 194 1294 237 in
1325 192 1394 238 the
1427 208 1550 252 years
1584 195 1697 239 1715
1731 194 1811 238 and
1844 196 1958 241 1716
1990 203 2068 243 ete.
2113 196 2290 243 London

118 280 245 323 1717.
285 303 343 310 --
381 277 535 320 Postea
575 272 680 316 haee
718 269 908 315 collectio
947 269 1095 329 gallice
1133 269 1290 314 reddita
1322 286 1346 313 a
1377 270 1483 313 doct.
1514 269 1603 313 Des
1633 269 1852 314 Maizeaux
1883 272 1990 316 edita
2022 280 2086 317 est
2114 275 2156 318 in
2186 275 2289 318 libro

115 356 285 413 saepius
312 356 399 413 jam
431 354 568 403 citato,
599 348 669 391 ubi
699 348 741 390 in
772 345 867 390 Vol.
897 346 924 390 I.
957 345 1154 405 leguntur
1182 348 1239 390 ita
1270 354 1317 390 ut
1348 346 1499 390 Clarkii
1530 348 1656 390 etiam
1688 347 1887 405 epistolae
1918 349 2064 408 gallico
2096 366 2292 393 sermone

115 438 296 475 utantur.
343 430 434 472 Nos
464 429 588 485 igitur
618 439 716 467 cum
747 423 788 467 id
819 438 952 466 unum
984 438 1228 466 curaremus
1259 430 1306 466 ut
1339 425 1467 467 nostri
1498 430 1540 466 et
1573 423 1771 477 doctrina,
1804 430 1846 466 et
1874 425 1964 483 ipsa
1993 427 2131 479 verba,
2163 442 2289 469 aecu-
2347 473 2349 475 ,

116 514 206 551 rate
245 505 533 555 redderentur,
578 501 620 544 id
658 500 876 544 consilium
916 499 1029 558 quod
1058 499 1291 543 Dutensius
1322 500 1448 543 etiam
1478 507 1648 544 secutus
1681 506 1762 552 est,
1794 499 1941 558 gallica
1970 500 2113 560 lingua
2145 502 2291 545 edendi

116 582 269 626 Clarkii
300 579 507 640 epistolas,
538 579 576 622 ei
605 577 842 637 linguarum
874 577 1104 621 confusioni
1134 576 1418 636 praetulimus,
1451 593 1571 635 quae,
1602 592 1702 619 eum
1732 575 1946 618 Clarkium
1977 578 2137 635 anglice
2165 578 2289 621 Leib-

114 661 262 704 nitium
293 656 440 716 gallice
470 655 714 714 loquentem
744 653 969 705 induceret,
1000 659 1164 696 tantum
1196 653 1360 695 abesset
1390 659 1436 695 ut
1468 652 1690 696 editionem
1711 659 1898 696 nostram
1921 660 2098 706 ornaret,
2129 660 2176 696 ut
2197 669 2291 696 eam

113 734 279 793 indigne
318 739 429 776 esset
466 732 762 775 deformatura.
830 730 1076 788 Sequuntur
1106 729 1285 787 denique
1318 728 1425 772 duae
1457 730 1720 787 scriptioneS,
1767 745 1871 788 quas
1902 731 2060 773 ratione
2090 730 2293 788 temporis

116 827 199 870 quo
240 811 500 867 conscriptae
539 810 619 851 sint
648 807 786 850 habita
817 805 959 850 locum
990 822 1115 849 suum
1146 821 1229 849 non
1261 812 1402 848 tenere
1431 821 1555 849 nemo
1587 821 1657 848 me
1688 807 1765 848 seit
1795 807 1960 849 rectius.
2021 806 2076 849 At
2107 821 2205 848 cum
2235 804 2292 848 lll.

115 887 290 930 Cousini
319 888 551 944 fragmenta
581 882 886 942 philosophica,
920 899 942 925 e
974 882 1124 940 quibus
1155 897 1230 924 eae
1263 881 1503 940 depromtae
1535 888 1643 933 sunt,
1675 881 1775 924 mihi
1806 898 1890 925 non
1922 882 2037 939 prius
2066 882 2108 924 in
2139 896 2292 923 manus

112 964 302 1007 venerint
334 977 461 1021 quam
492 976 590 1004 cum
619 960 819 1004 volumen
850 960 1032 1018 primum
1063 959 1172 1016 typis
1199 959 1286 1015 jam
1319 972 1521 1001 excusum
1554 964 1676 1010 esset,
1713 973 1885 1001 necesse
1916 959 2003 1010 fuit,
2035 972 2132 1000 cum
2165 972 2291 999 suum

113 1040 299 1084 obtinere
339 1054 423 1082 non
455 1044 645 1096 possent,
687 1036 866 1079 alterum
903 1036 952 1077 iis
983 1033 1183 1092 assignari
1213 1031 1368 1075 locum.
1436 1033 1490 1075 Et
1529 1048 1651 1091 spero
1690 1035 1777 1076 sore
1817 1040 1865 1076 ut
1901 1033 2032 1077 lector
2062 1032 2292 1076 benevolus

113 1115 265 1159 melius
296 1121 437 1158 aetum
469 1120 588 1173 putet
619 1112 731 1172 quod
760 1115 802 1156 in
834 1110 1061 1171 appendice
1091 1108 1288 1168 leguntur
1317 1123 1445 1166 quam
1473 1110 1507 1152 si
1527 1108 1651 1168 plane
1672 1111 1970 1153 omitterentur.
2017 1110 2128 1154 Sunt
2149 1116 2292 1153 autem

113 1191 193 1236 hae
223 1189 561 1251 scriptiunculae:

234 1269 283 1312 C.
338 1268 634 1311 Sentiment
680 1263 739 1307 de
785 1263 866 1307 Mr.
913 1261 1126 1306 Leibniz
1173 1276 1260 1305 sur
1305 1261 1350 1305 le
1395 1260 1526 1305 livre
1573 1260 1632 1304 de
1677 1260 1759 1304 ΜΓ.
1804 1260 2188 1320 l'archeveque
2232 1261 2292 1304 de

116 1344 374 1401 Cambray
406 1350 454 1386 et
486 1357 573 1385 sur
602 1339 795 1383 l'mour
827 1339 885 1383 de
916 1338 1053 1382 Dieu
1085 1338 1444 1383 desinteresse.
1521 1337 1824 1396 Epistolarum‚
1855 1354 1960 1396 quas
1990 1337 2046 1381 lll.
2079 1338 2292 1381 Cousinus

113 1421 239 1464 edidit
259 1421 341 1472 uni,
373 1433 480 1462 anno
502 1417 763 1460 MDCXVH.
785 1417 1057 1474 conscriptae,
1086 1414 1314 1458 Leibnitius
1343 1416 1432 1472 ipse
1464 1413 1661 1458 schedam
1693 1414 1948 1457 adnexuerat
1978 1415 2029 1458 de
2051 1414 2294 1472 quaestione

114 1512 163 1540 eo
204 1503 393 1554 tempore
433 1511 457 1537 a
487 1493 630 1537 multis
663 1493 822 1536 Galliae
854 1493 984 1536 doctis
1017 1493 1189 1551 agitata,
1236 1490 1287 1533 de
1328 1506 1470 1534 amore
1502 1491 1596 1533 Dei.
1669 1492 1831 1546 Quam,
1871 1491 2128 1550 deperditam
2165 1496 2293 1542 ratus,

114 1572 327 1615 Cousinus
366 1570 534 1613 tandem
572 1570 726 1628 reperit
773 1576 816 1612 et
851 1569 895 1613 in
932 1567 1036 1613 libro
1074 1584 1201 1628 supra
1238 1566 1406 1611 laudato
1448 1566 1584 1610 edidit.
1658 1566 1775 1611 Idem
1812 1574 1961 1611 tractat
2000 1573 2295 1627 argumentum

113 1647 287 1708 epistola
318 1646 590 1705 subsequens.

174 1723 240 1767 (Ἰ.
278 1723 455 1767 Lettre
496 1724 520 1766 ἒι
558 1722 641 1766 Mr.
679 1720 853 1766 l'abbe
891 1720 1102 1765 Nicaise
1141 1735 1220 1764 sur
1255 1719 1302 1763 la
1342 1721 1587 1778 question
1620 1719 1679 1764 de
1720 1719 1942 1764 l‘amour
1973 1718 2136 1773 divin,
2183 1732 2293 1763 anno

113 1798 415 1844 MDCCXVH.
447 1799 679 1858 conscripta
712 1814 839 1857 quam
868 1797 1014 1842 itidem
1042 1795 1146 1841 libro
1179 1797 1353 1841 Cousini
1384 1795 1598 1840 debemus.

230 2028 348 2073 Haec
379 2036 476 2073 sunt
507 2044 616 2088 quae
647 2029 718 2072 tibi
750 2029 881 2082 offert,
912 2027 959 2072 L.
991 2027 1052 2080 B,
1083 2041 1179 2070 mea
1210 2023 1333 2069 editio
1367 2039 1495 2085 opera
1515 2024 1707 2069 Leibnitii
1739 2023 2035 2084 philosophica,
2067 2023 2146 2067 hae
2179 2030 2297 2067 erant

114 2120 268 2150 causae
309 2121 417 2164 quae
455 2122 523 2149 mc
565 2111 786 2149 moverunt
827 2111 874 2147 ut
913 2120 961 2148 ea
994 2104 1259 2162 potissimum
1290 2103 1520 2162 reciperem
1532 2135 1542 2155 ,
1588 2102 1668 2144 hae
1700 2103 1880 2144 rationes
1913 2116 2019 2159 quae
2051 2107 2095 2144 ut
2126 2101 2182 2143 ita
2213 2099 2295 2142 dis-

113 2196 315 2240 ponerem
353 2198 422 2224 me
461 2181 734 2225 adduxerunt.
797 2181 914 2235 Quas
953 2182 1087 2223 fusius
1125 2180 1196 2222 tibi
1228 2180 1427 2238 proposui
1458 2194 1542 2223 non
1575 2185 1621 2221 ut
1653 2177 1704 2220 ad
1736 2179 1874 2220 omnia
1907 2193 2014 2235 quae
2046 2176 2198 2236 protuli
2230 2192 2296 2219 as-

113 2260 250 2300 sensio
284 2264 355 2299 tua
386 2264 681 2315 extorqueatur
701 2256 924 2315 —procul
957 2257 1061 2300 absit
1091 2263 1178 2298 tam
1210 2271 1407 2314 arrogans
1439 2255 1695 2313 exspectatio
1718 2279 1775 2284 —
1796 2253 1868 2296 sed
1902 2259 1948 2295 ut
1979 2253 2050 2295 tibi
2080 2253 2299 2296 ostendam

113 2348 199 2376 non
239 2333 362 2390 plane
399 2333 703 2377 inconsiderate
741 2332 848 2375 hanc
878 2334 1110 2375 institutam
1142 2347 1235 2373 esse
1267 2332 1511 2383 editionem,
1552 2346 1660 2388 quae
1701 2330 1734 2371 si
1773 2328 1899 2371 modo
1933 2328 1984 2370 ad
2016 2328 2299 2388 philosophiae

114 2407 397 2452 Leibnitianae
429 2410 707 2468 cognitionem
739 2416 780 2452 et
811 2409 1160 2453 existimationem
1191 2406 1469 2466 adjuvandam
1501 2405 1733 2459 contulerit,
1767 2404 1817 2449 ab
1849 2420 1899 2448 eo
1933 2420 2060 2462 quem
2092 2405 2166 2447 sibi
2198 2420 2294 2464 pro-

114 2485 255 2544 posuit
286 2484 366 2527 fine
396 2501 480 2529 non
512 2485 725 2528 aberravit.

234 2560 382 2603 Restat
414 2568 460 2603 ut
490 2576 625 2619 pauca
658 2561 848 2620 adjiciam
881 2560 933 2603 de
964 2566 1134 2604 externa
1156 2558 1282 2619 hujus
1305 2558 1491 2601 editionis
1514 2559 1665 2617 specie.
1712 2559 1869 2601 Ornata
1891 2564 1954 2600 est
1975 2556 2109 2615 effigie
2131 2556 2299 2600 chalco-

116 2635 312 2695 graphica
343 2636 551 2690 Leibnitii,
589 2653 697 2696 quae
729 2637 933 2696 descripta
965 2643 1028 2679 est
1060 2635 1109 2679 ab
1141 2636 1322 2694 imagine
1355 2651 1480 2693 quam
1511 2636 1670 2678 amicus
1703 2650 1823 2677 meus
1845 2634 2082 2676 carissimus
2103 2633 2297 2676 Krauk-

116 2710 330 2770 lingius,
382 2714 543 2756 musaei
580 2713 760 2756 historici
800 2712 1052 2757 Dresdensis
1097 2714 1333 2770 praefectus
1373 2726 1421 2753 ae
1462 2718 1620 2763 rector,
1661 2711 1867 2769 possidet..
1938 2710 2077 2764 Quam
2110 2709 2299 2768 effigiem,

117 2786 325 2831 coloribus
375 2788 538 2832 oleariis
587 2790 636 2832 ab
675 2790 874 2833 Andrea
915 2788 1202 2840 Selieitsio‚
1251 2787 1403 2830 artifice
1450 2786 1563 2829 haud
1593 2788 1756 2845 ignoto,
1795 2787 1968 2844 pictam,
2009 2792 2103 2828 ante
2143 2800 2300 2828 annum

119 2862 358 2908 MDCCIV.
397 2865 645 2908 delineatam
686 2881 775 2908 esse
815 2881 897 2908 non
937 2864 1074 2907 solum
1113 2879 1164 2908 ex
1205 2879 1254 2906 eo
1295 2864 1490 2922 conjicias
1530 2862 1641 2920 quod
1672 2870 1861 2906 nostrum
1892 2864 1976 2905 fere
2003 2863 2201 2919 juvenem
2231 2877 2298 2904 re-

120 2946 374 2998 praesentet,
417 2941 488 2984 sed
527 2942 651 2983 etiam
692 2957 741 2984 ex
782 2940 954 2998 epistola
994 2940 1175 2997 quadam
1207 2939 1421 2983 Electricis
1454 2939 1636 2996 Sophiae
1678 2946 1802 2996 patet.
1866 2939 2031 2995 Quippe
2063 2951 2169 2994 quae
2202 2952 2300 2979 cum

122 3015 173 3058 de
218 3018 340 3060 icone
377 3016 567 3059 Leibnitii
614 3023 915 3074 conqueratur,
962 3015 1012 3058 de
1062 3016 1201 3058 tabula
1252 3015 1596 3074 chaleographiea
1634 3014 1818 3072 loquitur
1856 3028 1879 3054 a
1918 3012 2298 3070 Bernigerotho

122 3092 241 3143 facta,
274 3109 399 3150 quam
429 3093 536 3136 hanc
566 3094 700 3149 ipsam
733 3092 921 3135 Seheitsii
953 3094 1158 3150 picturam
1188 3093 1372 3134 imitasse
1405 3092 1475 3149 qui
1507 3099 1728 3148 utramque
1760 3088 1946 3139 viderint,
1977 3087 2166 3130 lubenter
2197 3104 2296 3131 con-

126 3168 288 3211 cedent.
321 3170 376 3224 (Α
398 3167 685 3227 Bernigerothi
708 3167 918 3226 sculptura
941 3167 1122 3226 reliquae
1146 3185 1293 3211 omnes
1316 3183 1423 3227 quac
1455 3173 1617 3210 exstant
1637 3165 1826 3208 Leibnitii
1846 3165 1999 3215 icones,
2031 3179 2114 3206 una
2136 3179 2302 3220 semper

127 3243 252 3286 altera
286 3244 474 3299 deterior,
508 3245 734 3303 descriptae
767 3243 986 3297 videntur.)
1041 3243 1181 3297 Quare
1222 3243 1531 3287 assentiendum
1564 3241 1722 3283 videtur
1754 3241 1886 3282 amico
1920 3255 2015 3282 meo
2048 3239 2302 3291 doctissimo,

127 3320 198 3376 qui
237 3322 446 3379 egregiam
484 3337 603 3366 suam
642 3319 942 3381 pulchramque
982 3318 1165 3364 tabulam
1201 3321 1306 3366 inter
1346 3322 1483 3379 annos
1513 3316 1734 3363 MDCAC.
1766 3322 1808 3360 et
1837 3315 2018 3360 MDCC.
2057 3314 2304 3359 delineatam
