2361 3643
596 105 760 142 LXVIII.

109 205 200 242 talis.
233 201 413 238 Abstraho
435 210 528 236 nune
548 200 710 235 animum
731 199 777 234 ab
799 199 870 234 alia
891 198 1047 244 quadam
1068 197 1160 233 aeris

107 261 323 307 resistentia,
345 271 437 306 quae
464 263 529 307 est,
560 262 597 295 ut
625 260 676 294 sic
707 259 844 305 dicam,
881 257 1097 304 respectiva,
1126 259 1161 291 et

107 324 205 359 tanto
227 320 364 366 major,
393 322 528 366 quanto
556 318 674 363 nmjor
702 317 863 365 corporis
891 317 1061 353 celeritas.
1108 316 1160 350 Ea

106 381 203 417 enim
240 390 423 426 nunquam
462 381 602 413 motmn
633 378 740 424 plane
767 378 889 422 sistet,
925 376 993 411 etsi
1021 385 1160 421 semper
1185 357 1187 392 4

105 440 308 476 imminuat.
353 438 460 480 Quod
484 438 513 472 si
543 448 719 484 ponamus
749 436 991 472 vibrationem
1019 434 1095 469 fieri
1123 434 1159 469 in
1185 476 1186 487 ἵ

105 510 231 546 vacuo,
254 498 290 532 id
312 500 366 533 est
387 497 424 532 in
445 497 564 532 medio
586 495 687 540 cujus
709 495 911 531 resistentia
934 494 1031 529 nulla
1052 495 1158 538 tinga-
1185 497 1187 545 ξ

107 562 176 605 tur,
216 560 321 593 erunt
351 560 470 592 tamen
499 556 591 591 aliae
618 565 747 590 causae
778 555 850 589 vim
880 553 1025 601 penduli
1056 553 1159 588 dimi·
1187 587 1188 590 ,

105 620 270 663 nuenteS,
301 617 398 651 volut
426 617 541 650 flexus
570 615 647 660 ipse
673 613 742 659 fili,
766 614 827 659 qui
848 613 1160 660 quantulacunque

106 678 154 724 ri,
177 677 298 723 aliqua
314 679 436 710 tamen
457 685 547 720 opus
569 673 687 718 habet,
711 673 873 718 aliaeque
896 672 930 707 id
952 683 1062 718 genus
1082 683 1161 707 cau-

107 749 177 782 sae,
200 746 292 782 quae
307 734 402 769 idem
424 732 592 779 efficiant,
615 732 711 778 quod
731 732 825 767 aeris
847 731 1030 766 tenacitas.

167 795 247 830 Non
269 792 419 827 memini
441 791 520 838 quis
542 791 588 826 sit
608 792 668 825 ille
691 791 922 826 Antonius
944 790 1087 836 Regin
1098 791 1161 825 al-
1193 832 1194 841 ἵ

1193 854 1194 875 ῑ
1218 847 1478 892 necessitando,
1506 858 1585 881 enni
1614 846 1719 881 aliter
1747 845 1822 881 fieri
1852 856 1925 880 non
1954 845 2112 891 implicet
2130 846 2271 879 contra-

106 855 187 890 dus
213 856 338 887 contra
366 862 473 898 quem
501 850 790 885 dissertationem
829 851 984 896 primam
1010 849 1163 884 Antver-

106 914 186 960 piae
217 911 377 958 prodisse
413 912 525 945 refers
554 910 598 944 de
628 913 747 944 mente
775 909 923 944 Concilii
946 908 1160 954 Tridentini,

105 972 199 1007 eirca
220 970 373 1016 gratiam
396 969 539 1016 physice
561 969 968 1016 praed«=tern1inantem3
990 979 1054 1003 nec
1076 967 1163 1002 satis
1193 995 1194 1002 ,

105 1030 274 1066 recordor
293 1029 374 1075 quis
395 1029 660 1063 Theodorus
682 1028 977 1063 Eleutlierius
999 1028 1057 1073 qui
1079 1038 1162 1062 eon-
1193 1039 1194 1072 }

1193 1074 1195 1116 Ᾰ
1222 1086 1242 1122 a
1263 1084 1411 1121 decretis
1435 1087 1570 1119 vestrae
1587 1083 1776 1130 Ecclesiae,
1798 1094 1861 1117 nec
1877 1093 1899 1116 a
1915 1080 2022 1116 vestri
2039 1080 2178 1116 ordinis
2200 1079 2274 1125 pla<

107 1093 163 1124 tra
192 1088 499 1129 Augustinum
530 1088 569 1122 le
600 1087 737 1122 Blanc
766 1087 919 1133 scripsit,
950 1098 995 1121 an
1017 1087 1055 1121 P.
1078 1087 1162 1121 Da-

107 1149 201 1183 niel
227 1148 281 1182 vir
298 1147 422 1182 doetus
439 1150 475 1182 et
491 1147 694 1194 ingeniosus
709 1148 719 1181 ἶ
744 1147 831 1182 Vale
847 1150 881 1181 et
899 1147 988 1181 save.
1022 1145 1164 1181 Dabam

105 1207 335 1254 Brnnswigae
359 1206 396 1241 8.
420 1207 505 1243 Feb.
535 1206 655 1242 1703.

702 1264 955 1299 Deditissimus

509 1324 668 1358 Godef.
701 1323 816 1358 Guil.
850 1322 1132 1358 Leibuitius.

402 1615 764 1652 EPISTULA
806 1615 855 1650 X.

197 1700 447 1737 Admodum
470 1697 720 1734 reverende
742 1699 895 1744 pater,
919 1699 1073 1732 fautor

447 1756 817 1801 honoratissime,

165 1853 235 1887 Pro
258 1852 370 1886 literis
398 1852 529 1885 ematis
557 1850 793 1896 curandisque
814 1850 947 1896 gratias
968 1862 1046 1895 ago.
1082 1849 1159 1883 Mo-
1188 1858 1190 1885 1

108 1913 223 1947 nitum
245 1915 346 1945 tuum
376 1911 564 1956 perplacet.
618 1910 818 1955 Putemque
848 1909 979 1943 rectius
1000 1908 1086 1942 diei:
1115 1907 1160 1951 je
1186 1928 1188 1947 1

108 1971 193 2006 lsai
216 1970 301 2004 nul.
352 1969 598 2004 jansenius
621 1969 712 2003 sorte
732 1969 936 2013 analogiam
959 1968 1050 2002 inter
1071 1968 1160 2001 cari·
1187 1953 1189 1967 λ’

106 2033 217 2065 tatem
240 2029 445 2073 Beatorum,
468 2031 504 2062 et
523 2027 854 2072 concupiscentiam
876 2037 1160 2071 non-regenera-

106 2092 227 2124 torum
248 2087 473 2122 eonsiderare
494 2086 610 2121 voluit
630 2097 676 2120 ex
698 2085 952 2130 Augustini
974 2085 1160 2131 sententia,

105 2147 162 2183 cni
185 2146 300 2182 onmis
322 2149 421 2181 aetus
442 2146 477 2180 in
494 2144 799 2189 m›u-r‹‘=gfeneratis
815 2146 868 2178 est
884 2143 1162 2190 peccaminosuS,

105 2210 143 2243 et
163 2207 312 2241 virtutes
334 2216 404 2240 non
426 2205 493 2239 nisi
509 2204 695 2251 splendida
717 2207 871 2249 pes-cata.
905 2203 1028 2248 ltaque
1049 2202 1160 2237 etiam

106 2264 402 2309 non-regenerati
424 2275 564 2309 semper
585 2262 815 2298 determinati
845 2264 964 2298 forent
984 2261 1029 2296 ad
1051 2272 1162 2296 unum

106 2325 225 2371 quoad
247 2323 474 2370 qualitatem,
509 2323 589 2358 licet
611 2333 682 2357 non
704 2321 822 2367 quoad
844 2320 1082 2356 substantiam
1103 2332 1160 2355 ae-

107 2387 175 2430 tus,
198 2383 294 2429 quod
323 2393 388 2428 ego
408 2381 554 2428 quidem
580 2392 651 2416 non
674 2381 801 2427 probo.
847 2380 1161 2422 Quemadmodum

107 2453 171 2478 nec
210 2441 481 2477 damnationem
516 2440 711 2475 infantium
752 2442 1158 2486 non-regeneratorum,

108 2501 250 2544 aliaque
277 2499 528 2545 Augustini
557 2499 658 2546 dura,
690 2510 803 2544 neque
825 2499 929 2533 video
950 2510 1012 2533 eur
1042 2510 1159 2533 neees-

109 2557 203 2592 saria
225 2558 272 2592 sit
298 2558 359 2591 illa
381 2556 497 2597 gratia
517 2568 580 2603 per
601 2570 638 2592 se
659 2558 799 2601 victrix,
822 2567 930 2603 quam
952 2558 1084 2603 passim
1107 2559 1159 2591 in-

109 2617 249 2651 culcant
277 2615 338 2661 qui
368 2615 676 2659 Augustinum
707 2616 805 2661 sequi
836 2617 1062 2661 profitentur,
1099 2619 1162 2651 aut

107 2684 170 2710 cnr
192 2685 264 2709 non
285 2673 410 2708 eadem
433 2684 597 2709 mensura
617 2675 752 2718 gratiae
772 2674 809 2708 in
830 2685 902 2709 uno
925 2675 1038 2721 possit
1058 2676 1162 2709 effec-
1189 2671 1191 2689 Ι

109 2734 183 2769 trix
213 2744 289 2768 esse
316 2732 460 2778 salutis,
489 2733 653 2778 quamvis
683 2732 720 2767 in
748 2733 821 2767 alio
849 2744 921 2768 non
951 2733 1008 2767 sit.
1069 2734 1162 2768 Puto
1190 2721 1192 2732 Ι

109 2794 227 2829 Deum
249 2793 433 2827 voluntate
461 2791 711 2837 antecedente,
747 2802 871 2826 omnes
905 2792 1024 2826 salvos
1058 2792 1162 2838 velle,

110 2862 224 2898 neque
243 2862 323 2886 eam
344 2850 498 2885 otiosam
519 2861 609 2897 esse,
631 2850 693 2885 sed
716 2849 956 2885 demonstrari
978 2860 1042 2896 per
1062 2851 1165 2886 auxi-

111 2910 160 2945 lia
180 2909 404 2946 abundantia
423 2910 562 2954 gratiae
582 2920 674 2955 quae
702 2909 748 2943 sit
770 2908 961 2955 sufficiens,
984 2908 1047 2943 ubi
1070 2910 1164 2945 bona

112 2970 279 3005 voluntas
300 2968 457 3015 accedat,
480 2972 516 3004 et
537 2969 626 3004 lianc
646 2968 756 3002 etiam
778 2967 957 3002 interdum
979 2967 1164 3013 producat.

111 3029 201 3064 Cum
230 3027 414 3074 quaeritur
434 3039 480 3063 an
501 3027 639 3074 electio,
672 3030 708 3062 et
728 3030 901 3072 quatenus
922 3026 968 3060 sit
988 3027 1165 3071 gratuita,

113 3088 228 3122 sentio
251 3088 365 3122 Deum
385 3097 458 3121 non
479 3087 624 3133 quidem
645 3086 690 3121 ad
712 3085 893 3132 praevisas
920 3084 1032 3120 bonas
1051 3085 1164 3131 quali-

113 3147 214 3191 tates,
247 3148 308 3180 aut
328 3144 505 3182 minorem
535 3145 786 3190 resistentiam,
816 3144 871 3179 vel
893 3143 1008 3178 simile
1029 3143 1164 3189 aliquid

114 3205 275 3239 futurum
295 3203 513 3251 absolutum,
540 3205 597 3240 vel
626 3203 867 3240 conditionale
887 3213 924 3237 se
945 3201 1165 3246 adstringere

115 3273 181 3298 nec
201 3262 456 3308 disputandum
477 3275 552 3299 esse
574 3263 618 3299 (le
638 3264 764 3299 ordine
785 3263 1020 3307 decretorum,
1043 3263 1164 3296 utrum

111 3321 250 3368 salutis,
272 3332 317 3358 an
338 3319 418 3357 fidei
440 3322 543 3359 vivae
562 3322 701 3360 dandae
721 3323 903 3360 decretum
932 3320 1031 3370 prius
1059 3320 1105 3356 sit
1126 3320 1164 3356 in

807 105 876 140 AD
907 104 995 140 Dus
1027 102 1190 139 ssossns
1221 102 1483 139 EPISTOLAE
1513 102 1579 138 lx.
1604 121 1648 126 —
1671 102 1755 138 ΧΠ.
2183 90 2268 134 455

1218 197 1416 233 intentione
1438 197 1517 243 Dei,
1536 196 1597 231 sed
1620 196 1734 231 Deum
1755 207 1800 230 ex
1821 195 1969 230 intinitis
1988 193 2138 229 Mundis
2158 194 2270 240 possi-

1218 257 1352 293 bilibus
1381 257 1559 303 optimum
1588 256 1755 302 elegisse,
1792 254 1960 290 omnibus
1988 252 2270 300 ingredientibus

1216 315 1401 362 spectatis,
1434 315 1554 360 itaque
1575 326 1698 349 revera
1720 326 1793 349 non
1814 314 1882 348 nisi
1905 314 2047 349 unicum
2064 312 2130 348 Dei
2151 312 2269 347 decre-

1218 379 1294 411 tum
1322 375 1390 409 erit
1417 374 1459 409 de
1482 373 1672 408 existentia
1702 374 1782 408 talis
1809 384 1928 408 rerum
1957 372 2079 419 seriei,
2116 374 2153 406 et
2187 381 2269 406 cum

1218 435 1312 469 mala
1332 433 1507 480 quaedam
1528 432 1704 478 optimam
1726 443 1845 467 rerum
1862 432 1991 467 seriem
2012 430 2270 478 ingrediantur,

1218 494 1298 529 hine
1319 492 1480 528 admitti:
1513 491 1732 526 Libertatem
1760 502 1832 525 non
1861 494 2001 526 tantum
2029 502 2050 526 a
2071 490 2268 536 coactione,

1217 552 1279 588 sed
1300 555 1337 586 et
1357 563 1379 587 a
1398 550 1607 586 necessitate
1628 550 1857 585 eximendam
1878 561 2025 596 censeo,
2052 560 2126 584 non
2149 551 2269 584 tamen

1188 602 1189 635 Ῑ
1217 612 1264 647 ab
1286 610 1554 656 infallibilitate,
1579 620 1640 644 seu
1662 608 1980 644 deterininatiom·:
2013 619 2152 655 semper
2172 607 2269 642 enim

1218 670 1310 706 ratio
1332 681 1408 703 esse
1430 669 1556 710 (lebet,
1585 680 1646 703 cur
1674 679 1785 703 unum
1807 668 1927 714 potius
1947 678 2054 713 quam
2076 667 2175 702 aliud
2195 667 2269 712 fiat,

1218 741 1281 766 nee
1302 730 1376 764 ulla
1398 729 1503 763 datur
1531 728 1774 763 indifferentia
1797 726 1942 773 perfecti
1964 726 2184 772 aequilibrii:
2218 725 2270 759 in-

1218 790 1324 825 terim
1345 788 1437 823 ratio
1458 787 1702 823 determinans
1724 785 1928 821 inclinando
1950 785 2176 831 determinat,
2198 795 2272 819 non

1217 908 1422 944 dictionem.
1468 906 1584 941 Multa
1604 905 1675 940 alia
1697 904 1898 950 observavi,
1927 904 2057 950 quibus
2086 904 2273 949 plerasque

1219 967 1448 1003 difficultates
1469 966 1555 1000 satis
1575 966 1670 1000 clare
1686 963 1849 1011 expediri
1872 965 1978 1010 puto:
2018 963 2075 1008 Et,
2096 964 2272 1008 quantum

1215 1027 1351 1073 judice,
1375 1024 1572 1060 sententiae
1594 1035 1694 1059 meae
1715 1034 1787 1058 non
1809 1022 2008 1058 abhorrent
2030 1021 2067 1056 in
2087 1021 2152 1056 liae
2172 1022 2274 1068 parte

1221 1146 1300 1181 citis
1328 1143 1539 1192 potioribus.
1587 1142 1681 1177 Nam
1709 1142 1891 1177 doctrinas
1921 1141 2019 1188 illas,
2049 1139 2117 1175 sub
2145 1138 2275 1185 quibus

1221 1205 1344 1239 divina
1373 1203 1520 1238 Bonitas
1550 1202 1714 1237 laborare
1735 1200 1849 1236 videri
1871 1200 2004 1247 possit,
2033 1199 2153 1234 minus
2175 1209 2273 1243 amo,

1222 1264 1289 1299 etsi
1317 1263 1406 1299 alias
1436 1261 1756 1307 Augustinum,
1787 1259 2039 1295 Arnaldum
2067 1261 2102 1293 et
2131 1258 2275 1299 Ques-

1193 1335 1195 1370 j
1222 1323 1411 1358 ncllium
1430 1321 1549 1367 magni
1568 1321 1707 1355 faciam.
1738 1320 1860 1365 Itaque
1876 1318 2034 1364 aliquem
2050 1317 2149 1363 mihi,
2165 1316 2275 1352 etiam

1192 1375 1194 1412 ι’
1221 1381 1315 1428 apud
1336 1384 1484 1427 vestros,
1508 1380 1722 1426 applausum
1744 1378 1930 1425 promitto.

1279 1440 1381 1475 Nune
1410 1439 1448 1473 in
1469 1451 1512 1473 eo
1533 1450 1612 1473 snm
1634 1442 1673 1473 ut
1693 1437 1869 1484 quaedam
1891 1435 2092 1471 turbatiora
2112 1435 2151 1470 in
2172 1445 2274 1469 mun-

1192 1528 1194 1537 ,
1221 1500 1307 1533 dum
1329 1498 1548 1542 redigantur.

1280 1557 1509 1602 Colloquium
1537 1556 1624 1590 illud
1655 1558 1926 1590 consectaneum
1952 1564 1973 1587 a
1993 1552 2174 1598 colloquio
2194 1562 2276 1586 cum

1222 1616 1398 1653 Comite
1418 1616 1471 1650 de
1492 1615 1685 1650 Gabalis
1707 1614 1743 1648 in
1765 1613 1910 1648 Batavis
1930 1612 2066 1647 editum
2089 1614 2188 1658 puto.

1280 1674 1645 1720 Chronologicorum,
1689 1674 1743 1707 rel
1786 1672 1903 1718 potius
1943 1671 2274 1715 Aritlnneticorum,

1221 1735 1412 1770 artificium
1442 1745 1514 1769 non
1536 1744 1677 1779 sperno,
1709 1743 1789 1766 cum
1820 1742 1923 1765 usum
1950 1730 2126 1776 insignem
2146 1729 2191 1764 ad
2213 1729 2276 1763 Hi-

1220 1795 1370 1830 storiam
1391 1793 1597 1829 discendam
1614 1792 1756 1838 aliaque
1778 1790 1973 1826 memoriae
1989 1788 2131 1833 objecta
2154 1799 2276 1823 nume-

1219 1854 1268 1889 ris
1289 1854 1476 1897 designata
1507 1855 1686 1898 praestare
1716 1851 1841 1897 possit,
1871 1849 1968 1884 velut
1996 1848 2115 1895 capita
2140 1847 2276 1882 Biblio-

1218 1925 1311 1955 rum,
1335 1913 1460 1947 titulos
1471 1911 1575 1955 jtiris.

1282 1972 1465 2006 Distiehon
1482 1970 1583 2014 eujus
1600 1968 1796 2003 meministi
1819 1968 1889 2002 talc
1911 1969 1977 2011 est,
2000 1968 2038 2001 ut
2058 1977 2101 2000 eo
2117 1966 2277 2000 chartam

1221 2029 1401 2075 inquinari
1432 2029 1525 2063 haud
1555 2028 1682 2070 velim,
1720 2028 1839 2061 minus
1875 2026 1985 2060 etiam
2014 2025 2136 2059 oeulos
2165 2034 2275 2057 meos.

1220 2089 1327 2123 Viros
1347 2099 1473 2134 graves
1494 2087 1515 2123 a
1532 2086 1664 2121 talibus
1684 2086 1877 2120 abliorrere
1899 2095 1963 2130 par
1984 2086 2049 2129 est,
2085 2082 2131 2117 ad
2147 2081 2277 2116 stivam

1220 2150 1256 2183 et
1278 2147 1403 2182 haram
1425 2145 1634 2191 relegandis.

1280 2206 1329 2241 At
1360 2205 1521 2240 Jacobi
1553 2203 1735 2239 Boschii
1774 2201 1885 2244 (unde
1906 2199 2081 2245 quaedam
2103 2198 2274 2243 exhibes)

1221 2276 1367 2300 carmen
1388 2265 1516 2311 placet,
1548 2264 1591 2298 de
1612 2264 1689 2296 arte
1709 2260 1923 2306 symbolica,
1945 2258 2046 2302 cujus
2065 2258 2136 2293 alia
2158 2257 2273 2304 legere

1220 2336 1293 2360 non
1315 2324 1472 2359 memini.
1505 2323 1625 2367 Stylus
1646 2320 1722 2364 ejus
1745 2320 1884 2355 videtur
1904 2318 2070 2353 accedere
2090 2316 2136 2352 ad
2157 2319 2272 2352 artem

1220 2384 1398 2431 poetieam
1421 2382 1613 2417 Horatii.

1277 2443 1381 2485 Quod
1403 2444 1575 2488 superest,
1605 2440 1683 2474 vale
1704 2440 1739 2473 et
1761 2439 1851 2473 save.
1899 2436 2041 2471 Dabam
2063 2435 2274 2470 Hanoverae

1226 2502 1288 2537 12.
1310 2501 1530 2548 Septembris
1558 2498 1678 2534 1708.

1812 2553 2064 2589 Deditissimus

1626 2614 1782 2650 Godes.
1815 2613 1930 2648 Guil.
1962 2611 2240 2657 Leibnitius.

1280 2679 1317 2712 P.
1335 2678 1368 2713 S.
1401 2677 1445 2712 R.
1470 2677 1507 2710 P.
1541 2674 1669 2710 Dezii
1692 2674 1824 2708 librum
1840 2671 1934 2718 apud
1952 2671 2272 2716 Argentoratenses

1221 2737 1264 2772 de
1294 2735 1492 2782 Religionis
1521 2732 1776 2769 controversiis
1805 2731 1892 2766 olim
1920 2730 2056 2766 editum
2084 2730 2163 2765 hine
2189 2738 2270 2763 eum

1222 2795 1356 2843 prodiit
1385 2794 1559 2840 inspicere
1587 2791 1753 2837 memini,
1784 2790 1949 2825 mittente
1978 2790 2021 2825 D.
2045 2786 2269 2833 Landgravio

1223 2855 1424 2889 Ernesto.
1472 2851 1609 2887 Placuit
1637 2850 1774 2886 autoris
1794 2849 1978 2896 ingenium
1999 2851 2035 2884 et
2056 2843 2267 2891 moderatiO,

1222 2916 1257 2948 et
1278 2923 1372 2948 nunc
1392 2914 1534 2959 gratum
1554 2913 1609 2947 est
1630 2910 1737 2947 talem
1758 2909 1873 2945 virum
1895 2906 2054 2957 provehi.

1686 3374 1782 3411 58*
