2361 3643
1104 441 1321 505 XCIII,

713 579 830 648 AD
882 578 1721 650 REVERENDISSIMUM

136 742 573 824 PATREM
635 742 836 821 DES
900 741 1281 822 BOSSES
1352 741 1926 824 EPISTOLAE
2009 743 2301 823 TRES.

1075 1003 1369 1061 1715.

753 1223 884 1259 (Leibn.
911 1225 992 1260 opp.
1019 1224 1067 1253 ed.
1096 1225 1224 1254 Dutens

1249 1225 1341 1254 Tom.
1362 1226 1404 1254 11.
1431 1226 1467 1254 Ρ.
1487 1225 1514 1254 1.
1541 1232 1571 1260 p.
1586 1223 1685 1258 308.)

350 1467 721 1506 EPISTOLA
796 1467 940 1506 XXVI.

134 1552 227 1590 Rev
245 1550 557 1588 erendissime
602 1554 756 1598 pater,
802 1551 959 1586 fautor
998 1548 1221 1586 honora-¹

1220 1591 1221 1626 l
1249 1590 1336 1622 tate.

562 1621 752 1657 tissime.
1219 1640 1221 1666 γ

191 1703 296 1739 Hane
315 1702 485 1749 hyemem
513 1702 600 1738 satis
621 1711 768 1749 gravem
789 1700 894 1736 malis
915 1698 1109 1735 arthriticis
1130 1709 1192 1734 ex·

134 1764 257 1810 pertus
285 1772 384 1809 sum,
420 1761 571 1797 necdum
598 1761 704 1808 plane
731 1770 810 1795 sum
839 1759 1033 1804 liberatus,
1069 1757 1192 1804 itaque
1220 1753 1221 1759 ’

134 1832 239 1868 aegre
266 1821 475 1855 necessariis
503 1819 691 1855 laboribus
723 1818 898 1865 satisfeci,
935 1828 1027 1863 quae
1048 1816 1191 1852 dilatio-
1221 1821 1222 1831 ³

135 1889 219 1915 nem
247 1879 384 1914 nullam
412 1879 659 1926 patiebantur3
689 1877 773 1924 quia
801 1879 923 1912 tamen
948 1886 1030 1922 spes
1051 1886 1193 1922 semper

135 1938 173 1975 in
204 1937 316 1973 fundo
344 1941 526 1986 remanet,
554 1948 629 1973 non
656 1936 807 1983 despero
842 1935 887 1971 de
920 1934 1192 1980 recuperatione

134 1996 313 2033 sanitatis.

193 2055 349 2100 Vereor,
381 2064 426 2088 ne
455 2053 516 2099 qui
545 2052 590 2088 de
611 2052 753 2088 actione
774 2051 841 2087 Dei
862 2050 900 2086 in
921 2052 1104 2085 creaturas
1125 2060 1193 2096 pro

134 2111 523 2161 praedeterminatione
544 2111 691 2158 physica
719 2110 880 2157 scripsit,
917 2109 1082 2145 involvat
1117 2119 1192 2143 ma-
1221 2105 1222 2108 ’

134 2173 188 2217 gis
207 2171 383 2218 notiones,
406 2181 514 2217 quam
535 2170 573 2205 in
595 2171 709 2205 lucem
733 2168 918 2216 producat.
981 2169 1096 2204 Actus
1118 2178 1192 2203 non
1221 2182 1222 2190 ¹

134 2242 211 2266 esse
235 2242 291 2266 res
312 2229 516 2275 absolutas,
548 2229 609 2264 sed
638 2228 925 2265 modificationes
948 2226 1190 2273 Entelechiae,
1221 2234 1222 2256 l

137 2301 197 2324 seu
217 2291 365 2324 conatus
385 2287 574 2335 primitivi,
597 2288 831 2323 manifestum
851 2298 928 2322 esse
948 2286 1118 2332 arbitror,
1141 2285 1194 2320 id-

137 2358 205 2393 que
232 2347 420 2383 dicendum
448 2357 521 2382 non
544 2350 686 2382 tantum
708 2347 751 2382 de
773 2347 979 2393 voluntate,
1009 2344 1071 2380 sed
1092 2347 1128 2380 et
1149 2343 1193 2379 de

137 2405 304 2441 facultate
333 2406 457 2451 agendi
477 2416 710 2452 quacumque.

197 2463 303 2498 Recte,
325 2467 464 2499 tuemur
484 2475 636 2511 corpora
665 2475 741 2499 esse
762 2473 841 2510 reS,
877 2472 963 2497 nam
984 2464 1020 2496 et
1041 2461 1193 2508 phaeno-

139 2533 248 2558 mena
276 2525 358 2556 sunt
385 2523 507 2558 realia.
568 2523 637 2559 Sed
668 2524 697 2558 si
719 2522 798 2570 quis
820 2521 912 2557 tueri
934 2520 1021 2555 velit
1040 2529 1194 2566 corpora

140 2592 214 2616 esse
235 2580 470 2627 substantias,
508 2580 703 2629 indigebit,
740 2580 869 2628 credo,
907 2590 1006 2615 novo
1034 2578 1193 2626 quodam
1219 2600 1221 2611 ι

139 2638 316 2687 principio
336 2639 476 2674 unionis
497 2640 612 2675 realis.
1220 2649 1222 2680 l

198 2698 269 2739 Qui
289 2697 328 2731 in
349 2697 534 2741 Hybernia
553 2707 745 2746 corporum
766 2696 970 2734 realitatem
990 2696 1192 2741 impugnat,
1220 2691 1222 2693 ’

142 2755 284 2791 videtur
304 2766 369 2790 nec
389 2756 544 2792 rationes
564 2759 693 2793 afferre
722 2757 890 2803 idoneas,
932 2766 996 2791 nec
1032 2756 1192 2789 mentem

143 2825 246 2850 suam
276 2814 364 2850 satis
393 2814 582 2859 explicare.
643 2816 811 2862 Suspicor
836 2826 913 2850 esse
934 2825 980 2849 ex
1008 2824 1051 2848 eo
1079 2812 1195 2848 homi-

143 2884 230 2909 num
251 2883 393 2920 genere,
415 2874 476 2919 qui
498 2883 558 2918 per
579 2874 768 2909 Paradoxa
788 2873 956 2918 cognosci
978 2872 1115 2908 volunt.

202 2932 332 2968 Incidit
368 2930 457 2967 mihi
491 2941 605 2976 nuper
633 2932 810 2968 dubitatio
845 2932 939 2968 eirca
968 2930 1193 2976 Magnetem,

143 3001 252 3036 quam
287 2990 417 3026 vellem
452 2988 566 3024 decidi
602 2990 861 3035 experimento.
921 2989 1039 3025 Nemo
1075 2990 1197 3024 autem

144 3049 214 3084 hoc
243 3049 370 3085 melius
398 3050 580 3096 praestare
610 3048 742 3093 poterit
763 3059 869 3094 quam
888 3049 960 3084 Dn.
981 3048 1197 3082 Hartsoe-

146 3107 246 3154 ker,
279 3108 341 3154 qui
362 3118 470 3143 usum
490 3106 669 3152 magnetis
691 3106 842 3141 multum
855 3132 865 3151 ,
901 3110 937 3142 ct
957 3104 1198 3142 necessarium

145 3165 192 3201 ad
213 3167 460 3212 experimenta
480 3164 680 3210 magnetica
709 3167 920 3209 apparatum
942 3164 1060 3200 habet.

205 3223 354 3261 Mallem
389 3227 512 3261 autem
545 3224 631 3271 hoc,
668 3221 763 3268 quod
791 3222 972 3269 desidero,
1010 3233 1032 3258 a
1059 3224 1096 3257 te
1122 3220 1198 3268 peti

148 3291 257 3326 quam
286 3294 308 3319 a
329 3294 406 3329 me,
437 3294 503 3319 nec
531 3281 659 3318 dubito
685 3279 773 3326 tibi,
804 3279 833 3314 si
855 3280 1042 3315 commode
1063 3281 1194 3326 potest,
1224 3273 1229 3310 l

148 3339 299 3377 libenter
318 3342 610 3386 gratificaturmn.
652 3338 716 3376 Me
737 3341 857 3375 autem
878 3336 1095 3373 dissimulari
1115 3348 1195 3383 ago.

1220 1468 1222 1508 ῗ
1250 1469 1410 1514 Dignum
1445 1470 1499 1504 cst
1529 1467 1761 1515 indagatione
1790 1466 1942 1514 scilicet,
1978 1468 2102 1502 utrum
2137 1464 2308 1501 attractio

1220 1539 1221 1544 ¹
1250 1528 1427 1574 magnetis
1463 1528 1624 1574 aliquam
1650 1526 1782 1562 habeat
1811 1525 2091 1571 dependentiam
2121 1534 2144 1559 a
2166 1523 2306 1560 vertici-

1396 1587 1517 1621 Veluti
1545 1596 1590 1620 an
1620 1595 1766 1629 magnes
1794 1584 1832 1619 in
1861 1583 1931 1619 situ
1952 1583 2105 1619 naturali
2145 1582 2247 1629 (quo
2267 1594 2307 1618 se

1220 1671 1221 1683 ,
1249 1647 1377 1692 sponte
1399 1644 1526 1688 vertit)
1549 1643 1677 1679 melius
1699 1643 1818 1678 trahat
1839 1652 1948 1688 quam
1970 1642 2008 1677 in
2029 1642 2204 1677 violento.

1308 1703 1460 1747 Magnes
1489 1702 1574 1749 polo
1594 1702 1629 1737 A
1650 1702 1768 1737 trahat
1797 1711 1901 1736 acum
1924 1702 1951 1736 C
1972 1701 2000 1736 B
2022 1700 2241 1735 verticaliter
2261 1699 2309 1734 si·

1249 1764 1344 1797 tam:
1374 1765 1409 1797 et
1430 1762 1466 1796 vi
1487 1761 1713 1796 attractionis
1742 1771 1810 1806 ope
1838 1758 1978 1794 brachii
2005 1770 2024 1793 c
2045 1758 2067 1793 d
2099 1755 2211 1807 (licet
2232 1767 2306 1793 non

1249 1821 1374 1863 ferrei)
1398 1821 1444 1855 ad
1467 1831 1570 1855 acum
1592 1818 1785 1863 normalis,
1809 1820 1844 1851 et
1865 1816 1980 1862 affixi,
2003 1819 2038 1852 et
2059 1826 2141 1851 cum
2162 1826 2204 1851 ea
2228 1826 2305 1851 mo-

1249 1879 1333 1914 bilis
1361 1878 1454 1913 circa
1483 1879 1530 1924 C,
1560 1877 1622 1912 sed
1652 1876 1688 1911 in
1711 1876 1744 1910 D
1764 1875 1902 1920 alligati
1930 1885 1995 1922 per
2023 1875 2122 1910 filum
2150 1874 2196 1910 ad
2224 1874 2306 1910 bra-

1249 1938 1369 1972 chium
1398 1937 1512 1971 librae
1533 1936 1582 1982 E,
1617 1935 1736 1971 trahat
1765 1935 1796 1970 D
1818 1934 2005 1980 deorsum,
2033 1936 2069 1969 et
2097 1934 2212 1969 elevet
2232 1944 2309 1969 sur-

1221 1999 1223 2004 ‘
1251 2007 1331 2031 sum
1359 1995 1567 2042 oppositum
1595 1994 1857 2040 pondusculutn
1888 1993 1937 2039 F,
1976 1992 2160 2038 quaeritur
2188 1994 2308 2027 utrum

1221 2081 1223 2102 :
1251 2065 1397 2100 magnes
1426 2053 1542 2097 majus
1572 2053 1713 2099 pondus
1741 2052 1917 2087 sustinere
1939 2051 1993 2086 vel
2016 2051 2156 2086 elevare
2177 2050 2305 2097 possit,

1250 2125 1330 2149 cum
1361 2114 1465 2160 polus
1485 2116 1538 2148 est
1559 2112 1595 2147 in
1617 2112 1686 2146 situ
1708 2112 1885 2157 naturali,
1916 2109 1962 2145 ad
1983 2120 2090 2156 quem
2119 2121 2156 2144 se
2177 2111 2308 2155 sponte

1249 2173 1446 2218 convertit,
1476 2182 1586 2217 quam
1615 2181 1697 2206 cum
1719 2174 1772 2205 est
1792 2170 1831 2205 in
1851 2171 1922 2205 situ
1943 2168 2104 2204 violento
2126 2167 2306 2215 opposito.

1250 2232 1318 2268 Sed
1348 2232 1416 2266 Dn.
1438 2229 1809 2266 Hartsoekerum
1845 2227 1950 2264 facile
1986 2227 2096 2263 aliam
2126 2227 2307 2262 actionem

1249 2290 1534 2327 commodiorem
1552 2289 1617 2324 hac
1637 2287 1847 2334 experiendi
1865 2286 2165 2323 comminiscetur.
2227 2284 2308 2319 Suf-

1251 2350 1375 2385 fecerit
1405 2360 1451 2384 ex
1481 2349 1545 2383 hae
1575 2349 1687 2393 figura
1714 2346 1867 2391 intelligi
1897 2345 1943 2380 ab
1966 2356 2008 2380 eo
2030 2344 2104 2379 vim
2125 2342 2306 2389 quaestio-

1251 2408 1320 2443 nis.
1381 2408 1484 2443 Pono
1519 2409 1640 2440 autem
1669 2405 1707 2439 in
1743 2408 1897 2449 utroque
1922 2402 2174 2449 experimento
2202 2411 2307 2436 acum

1251 2467 1366 2503 adhuc
1388 2477 1466 2500 esse
1486 2464 1663 2508 virginem
1686 2463 1742 2497 vel
1763 2461 1924 2498 nondum
1945 2461 2147 2506 imbutum,
2177 2459 2252 2494 sive
2272 2460 2307 2496 A

1252 2527 1371 2562 trahat
1392 2524 1530 2571 positus
1551 2523 1588 2557 in
1611 2522 1682 2557 situ
1704 2521 1873 2568 naturali,
1898 2520 1972 2556 sive
1993 2519 2029 2554 in
2052 2518 2227 2553 violento.

1309 2583 1415 2626 Quod
1438 2585 1619 2629 superest,
1648 2580 1729 2615 vale
1750 2583 1787 2616 et
1815 2580 1908 2616 fave.
1969 2576 2112 2614 Dabam
2141 2576 2308 2614 Hanove·

1249 2654 1312 2679 rae
1338 2643 1399 2679 15.
1421 2641 1547 2678 Martii
1572 2641 1590 2677 1
1601 2639 1694 2675 715.

1873 2693 2131 2730 Deditissimus

1780 2755 1826 2791 G.
1848 2754 1893 2790 G.
1914 2752 2191 2790 Leibnitius.

2238 3107 2281 3186 >O
