2361 3643
137 144 224 190 464
823 148 959 184 Lxxi.

139 259 227 293 την,
257 259 329 282 11110
350 245 493 279 nomine
513 243 684 289 animam,
706 241 801 288 quod
822 241 980 277 activum
1001 253 1082 277 cum
1103 254 1179 290 pas-
1209 255 1211 267 1

140 307 217 342 sivo
235 305 463 348 conjunctum
483 301 722 336 substantiam
742 301 959 347 completam
985 303 1181 338 constituit.

138 367 239 400 Patet
264 367 402 407 autem,
439 361 505 395 boe
533 360 747 406 principium
776 371 848 395 non
878 372 953 396 esse
983 365 1182 409 extensum,

133 422 265 467 alioqui
309 420 495 455 materiam
532 419 748 467 involveret,
793 422 919 455 contra
956 420 1182 467 hypothesin.
1211 436 1212 444 ¹

134 479 362 515 Ostendimus·
390 479 486 515 enim
514 491 590 513 esse
621 478 758 525 aliquid
780 480 951 515 materiae
980 480 1095 515 nudae
1124 492 1182 516 su-

132 538 369 586 peradditum.

133 598 215 632 tiale
236 597 391 644 simplex
412 608 485 631 non
502 598 637 632 babens
655 602 773 644 partes
794 602 898 633 extra
914 601 1045 644 partes.
1082 600 1182 635 Unde

131 668 237 703 porro
258 667 476 702 consequens
505 661 576 703 est,
601 658 842 694 Entelecliiam
871 658 1090 704 primitivam
1121 671 1181 693 na-

131 715 292 750 turaliter
322 716 454 750 destrui
482 727 556 751 non
585 728 705 763 posse3
737 718 821 763 quia
858 717 974 751 tunnis
1009 719 1179 753 naturalis

128 774 319 809 destructio
340 775 374 809 in
397 776 553 820 partium
574 776 809 811 dissolutione
830 776 1004 811 consistit.

188 830 251 867 VL
281 834 336 868 ΕΛ
359 834 410 868 bis
431 835 591 880 sequitur
613 835 669 869 vel
692 836 797 871 bruta
819 846 894 869 esse
910 846 1027 871 meras
1050 837 1180 871 maelii-

130 903 207 939 nas,
235 892 474 939 perceptionis
502 898 678 941 expertes,
709 898 746 929 ut
776 897 938 929 statuunt
959 895 1177 942 Cartesiani3

130 952 186 986 vel
207 951 311 987 bruta
332 952 462 987 habere
483 954 641 988 animam
663 954 949 989 indefectibilem.
1005 956 1072 990 Sed
1095 956 1179 1001 quia

127 1010 282 1057 aliunde,
306 1005 434 1058 nempe
463 1024 508 1047 ex
538 1017 664 1048 natura
688 1016 805 1048 motus
836 1016 1017 1048 ostensum
1046 1019 1110 1061 est,
1142 1015 1177 1049 in

127 1070 278 1104 materia
308 1070 485 1116 dispersas
515 1083 589 1107 esse
615 1073 836 1107 l³1ntelecliias
860 1072 1073 1121 primitivas,
1103 1085 1174 1109 eas-

126 1139 194 1174 que
216 1128 484 1177 indefectibiles,
507 1132 630 1177 quidni
659 1132 710 1166 eis
734 1143 807 1166 non
829 1136 968 1166 tantum
997 1134 1177 1168 actionem

127 1188 325 1233 motricem,
348 1189 407 1224 sed
430 1194 462 1224 et
486 1191 749 1237 perceptionem
772 1192 986 1239 11’111111111111>’7
1020 1196 1057 1228 111
1086 1192 1177 1227 scili·
1206 1188 1207 1191 ¹

126 1250 181 1281 cet
202 1259 265 1293 pro
295 1248 485 1284 animabus
509 1250 631 1285 baberi
663 1251 815 1296 possint,
845 1251 990 1296 quando
1018 1252 1177 1298 corpori-

128 1306 191 1340 bus
226 1307 401 1352 organicis
438 1312 521 1343 sunt
555 1309 778 1352 conjunctae.
846 1311 955 1356 quue
989 1313 1177 1346 confirmat

125 1364 201 1409 ipsa
222 1376 343 1401 rerum
365 1368 538 1411 analogia.
586 1370 705 1410 Quum
727 1370 821 1404 enim
853 1370 889 1404 in
920 1369 1032 1405 brutis
1055 1371 1175 1405 omnia

123 1424 239 1468 quoad
262 1427 523 1472 perceptionem
549 1432 584 1463 ct
614 1440 757 1463 sensum
780 1429 925 1475 perinde
947 1442 984 1462 se
1009 1431 1174 1468 babeant,

123 1493 164 1516 ac
186 1483 222 1517 in
244 1485 399 1530 bomine,
429 1493 464 1521 et
484 1491 611 1522 natura
641 1487 830 1522 uniformis·
862 1489 907 1522 sit
937 1488 972 1523 in
1003 1490 1175 1524 varietate

124 1552 206 1588 sua,
239 1544 429 1579 uniformis
458 1546 576 1591 quoad
606 1547 790 1593 principia,
822 1548 920 1581 varia
951 1549 1070 1592 quoad
1100 1559 1175 1582 mo-

123 1599 205 1635 dos:
239 1603 441 1638 verosimile
469 1609 522 1638 est
550 1606 663 1640 brutis
694 1607 803 1640 etiam
835 1607 1096 1652 perceptionem
1121 1607 1174 1640 in-

123 1670 217 1706 05505
249 1661 361 1696 11111110
384 1670 657 1708 praesumuntur
685 1664 791 1699 bruta
819 1665 1043 1711 perceptione
1073 1677 1173 1713 prae—

122 1718 215 1761 dita,
246 1720 357 1755 donec
378 1723 595 1757 eontrarium
625 1724 806 1769 probetur.

180 1778 257 1813 vll.
296 1780 492 1815 Cartesiani
526 1782 570 1816 ad
600 1783 799 1827 negandam
831 1782 945 1817 brutis·
977 1784 1172 1830 lien-‹sptio-

122 1846 203 1869 nem
231 1837 408 1873 rationem
436 1840 622 1887 adserunt,
649 1853 695 1876 ex
725 1856 768 1876 eo
798 1846 966 1887 sumtam,
996 1843 1091 1887 quod
1122 1843 1171 1877 ita

123 1893 235 1929 brutis
268 1897 411 1932 animae
445 1899 703 1935 imlefeetibiles
735 1902 805 1935 sint
835 1901 1056 1935 tribuendae.
1103 1902 1170 1935 Sed

120 1953 189 1988 lioe
218 1955 313 2000 quod
342 1957 502 2003 plerique
532 1959 623 1994 intel·
650 1971 711 1994 eos
742 1971 807 2005 pro
836 1960 994 1994 absurdo
1026 1960 1170 2006 liabent,

120 2012 271 2047 minime
294 2014 487 2051 absurdum
519 2021 584 2063 est,
614 2019 918 2064 ‹pis-maslinodnm
940 2030 1028 2054 mox
1057 2022 1173 2054 osten-

120 2071 258 2119 ‹lemus,
294 2074 403 2109 allata
439 2075 641 2112 dillerentia
678 2078 771 2112 inter
806 2078 947 2113 animae
983 2079 1172 2113 brutorum

123 2130 482 2179 indefectibilitatem,
520 2140 555 2171 et
585 2137 726 2171 animae
758 2137 933 2172 lnnnanae
962 2138 1172 2173 immortali-

121 2191 241 2227 tatem.

178 2248 271 2284 vlu.
302 2252 370 2286 Sed
400 2265 455 2287 res
483 2254 591 2288 etiam
622 2259 834 2300 argumento
865 2256 1019 2300 positivo
1049 2261 1081 2291 et
1112 2268 1172 2290 ne-

120 2309 272 2343 cessario
303 2312 448 2356 probari
478 2318 593 2358 potest
621 2325 666 2348 ex
696 2326 757 2355 eo,
788 2314 883 2360 quod
918 2315 1036 2349 onmis
1067 2316 1170 2350 Ente-

124 2366 231 2401 lechia
253 2369 433 2413 primitiva
454 2372 559 2407 debet
582 2373 713 2408 habere
744 2373 1015 2419 perceptionem.
1079 2375 1171 2408 Nam

121 2426 237 2460 omnis
265 2427 465 2466 1⁴]ntelechia
500 2432 615 2478 prima
654 2432 761 2466 babet
797 2432 1033 2466 variatimiem
1063 2432 1170 2466 inter-

123 2494 218 2529 nam,
239 2489 430 2524 secundum
452 2502 559 2536 quam
587 2491 695 2525 otiam
723 2492 904 2525 variantur
932 2492 1090 2526 actiones
1112 2502 1172 2525 ex-

125 2546 259 2577 ternae.
320 2547 384 2581 Sed
416 2551 596 2596 perceptio
626 2551 711 2585 nibil
742 2550 839 2584 aliud
868 2554 940 2593 est,
973 2561 1080 2596 quam
1111 2551 1171 2585 illa

124 2601 202 2648 ipsa
224 2609 502 2648 repraesentatio
525 2609 738 2644 variationis·
759 2614 929 2644 externae
961 2610 998 2643 111
1020 2610 1170 2644 interna.

123 2660 243 2701 Quum
265 2673 348 2703 Off-'0
369 2666 497 2711 ubique
519 2668 697 2714 dispersae.
719 2670 788 2703 sint
812 2680 874 2715 per
896 2669 1083 2704 materiam
1103 2670 1171 2703 lin-

125 2719 292 2753 telos-hiae
315 2722 529 2773 primitivae,
551 2730 590 2761 ut¹
613 2729 714 2762 facile.
736 2728 875 2762 ostendi
906 2731 1022 2774 potest
1049 2740 1094 2763 ex
1116 2741 1171 2775 eo,

124 2778 218 2823 quod
241 2779 415 2826 principia
442 2789 558 2820 motus
587 2798 648 2832 per
670 2788 857 2822 manfriam
886 2792 969 2821 sunt,
995 2787 1171 2834 dispersa:

125 2848 347 2883 consequens
369 2843 432 2885 est,
454 2844 560 2878 etiam
582 2846 720 2881 animas
742 2847 874 2892 ubique
896 2858 958 2892 per
984 2848 1172 2881 materiam

123 2896 303 2943 dispersas
331 2909 418 2943 esse,
451 2911 513 2944 pro
542 2906 682 2949 organis
712 2908 922 2951 operantes,
960 2909 994 2939 et
1023 2907 1174 2952 proinde

125 2956 235 2991 etiam
271 2967 421 3003 corpora
454 2959 636 2996 brutorum
665 2964 833 3010 organica
863 2965 984 2999 anima
1013 2965 1174 3010 praedita

124 3026 212 3049 esse.

185 3075 249 3109 IX.
291 3074 346 3109 Ex
375 3074 427 3109 liis
456 3087 561 3121 porro
584 3077 729 3119 intelliei
757 3085 885 3127 potest,
910 3082 1050 3116 animas
1072 3095 1172 3129 sepa-

126 3135 222 3167 ratas
251 3134 462 3169 naturaliter
491 3146 561 3169 non
592 3135 687 3174 (lari,
719 3150 829 3183 quum
858 3141 953 3175 enin]
975 3142 1046 3176 sint
1068 3142 1173 3177 Ente-

128 3191 261 3227 lechiae
297 3193 500 3238 primitivae
544 3206 603 3227 seu
648 3205 742 3229 merc
783 3199 941 3245 activae,
987 3212 1077 3247 opus
1114 3202 1173 3235 ba-

126 3249 211 3285 bent
254 3251 375 3297 aliquo
418 3252 594 3299 principio
628 3254 788 3300 passivo,
835 3268 896 3301 per
940 3260 1035 3303 quod
1078 3271 1174 3295 com-

126 3309 300 3354 pleantur.

185 3368 233 3403 X.
272 3369 360 3416 Sed,
388 3370 548 3419 inquiOS,
587 3382 716 3418 corpus
747 3372 953 3418 organicum
983 3387 1088 3421 posse
1116 3377 1175 3412 dc-

432 538 524 584 Ergo
553 537 673 573 anima
709 539 777 574 erit
806 538 987 584 quoddam
1017 540 1181 575 substan·
1210 536 1211 539 ¹

1020 147 1085 183 DE
1116 148 1276 186 ANlMA
1307 149 1593 186 BRUTORUM.

1241 243 1343 280 strui.
1404 241 1634 291 Respondeo,
1662 245 1727 280 etsi
1755 246 1997 285 destrueretur
2018 261 2145 297 corpus
2165 254 2289 297 aptum

1240 304 1286 339 ad
1316 303 1541 349 sensi011e1113
1572 314 1646 339 non
1677 303 1758 339 ideo
1793 308 1910 342 tamen
1939 310 2059 344 anima
2091 310 2289 346 destruere-

1241 367 1310 408 tur,
1335 367 1498 398 maneret
1518 363 1615 397 enim
1642 374 1761 398 massa
1781 365 1941 400 animata
1963 372 2000 402 et
2026 370 2147 404 anima
2174 370 2289 405 conti-

1240 425 1369 457 nuaret
1388 434 1493 469 agere
1509 422 1606 457 intus
1626 425 1662 457 et
1682 426 1797 469 extra,
1813 423 1881 458 etsi
1902 424 2019 461 minus
2040 430 2205 476 perfecte,
2227 440 2288 464 seu

1240 493 1313 516 non
1354 493 1435 517 cum
1470 482 1646 517 sensione.
1715 482 1761 516 Et
1805 483 1914 517 talem
1955 488 2214 532 perceptionem
2250 489 2287 523 in

1240 552 1368 576 somno
1390 541 1581 588 profundo,
1605 541 1798 588 apoplexia
1826 546 1862 576 et
1890 541 1970 577 aliis
1998 544 2138 580 casibus
2160 548 2287 583 retine-

1240 611 1330 646 mus,
1356 601 1434 636 licet
1456 612 1580 636 sensus
1601 604 1723 636 cesset.
1754 601 1876 636 Sensio
1897 601 1993 636 enim
2021 606 2075 637 est
2095 607 2285 652 perceptio,

1239 670 1327 705 quae
1348 660 1484 706 aliquid
1506 660 1664 696 distincti
1686 660 1849 705 involvit,
1880 663 1915 694 et
1935 672 2014 696 cum
2036 663 2233 697 attentione
2252 669 2287 700 ct

1240 719 1416 754 memoria
1436 719 1627 763 conjuncta
1649 724 1713 753 est.
1752 719 1820 754 Sed
1841 724 2073 766 aggregatum
2102 723 2288 758 confusum

1238 779 1431 814 multarum
1459 779 1729 826 perceptionum
1757 790 1949 825 parvarum
1984 780 2072 815 nihil
2099 780 2290 816 eminentis

1237 838 1455 885 habentium,
1479 838 1574 884 quod
1594 838 1832 873 attentionem
1861 838 2004 886 excitet,
2033 842 2214 886 stuporem
2237 842 2289 875 in-

1236 897 1342 932 ducit.
1391 898 1464 932 Nec
1493 898 1572 933 ideo
1595 900 1715 932 tamen
1736 898 1868 941 zmirna,
1898 902 1960 934 aut
1983 899 2034 933 vis
2055 899 2230 934 sentiendi
2252 900 2288 934 in

1236 967 1278 991 ea
1300 958 1392 991 foret
1414 957 1562 1001 inutilis,
1584 957 1651 991 etsi
1674 968 1766 991 nune
1785 957 1831 992 ab
1853 958 2024 993 exercitio
2047 970 2217 1005 suspensa
2236 970 2289 994 es-

1235 1020 1308 1061 set·7
1340 1016 1423 1062 quia
1444 1028 1526 1051 cum
1548 1020 1709 1063 tempore
1737 1027 1853 1051 massa
1882 1017 2013 1052 iterum
2034 1018 2151 1053 evolvi
2179 1021 2214 1053 et
2242 1018 2287 1052 ad

1235 1076 1439 1110 sensionem
1468 1078 1552 1122 apta
1580 1075 1680 1110 reddi
1703 1078 1835 1121 posset,
1865 1079 1904 1110 ut
1933 1080 2058 1123 stupor
2080 1077 2139 1111 ille
2162 1081 2285 1123 cesset,

1235 1139 1342 1180 prout
1364 1136 1528 1170 oriuntur
1549 1135 1795 1181 perceptiones
1818 1135 1931 1179 magis
1953 1136 2150 1182 distinctae,
2174 1147 2286 1182 quan-

1235 1194 1281 1229 ‹lo
1303 1195 1410 1229 etiam
1428 1206 1556 1241 eorpus
1579 1195 1615 1229 tit
1639 1194 1827 1240 perfectius
1848 1198 1883 1229 et
1905 1196 2019 1236 mauis
2040 1195 2257 1230 ordinatum.

1294 1254 1359 1289 Xl.
1393 1255 1438 1289 lit
1459 1265 1567 1300 quum
1593 1253 1696 1288 bodie
1719 1253 1864 1299 plurimi
1886 1255 2018 1300 eeregii
2040 1254 2287 1289 observatores

1235 1316 1405 1359 statuant,
1428 1314 1598 1348 animalia
1615 1313 1694 1357 jam
1724 1315 1807 1347 ante
1827 1314 2097 1359 conceptionem
2120 1314 2229 1348 latere
2250 1314 2286 1347 in

1234 1373 1441 1419 seminibus,
1459 1374 1525 1407 snb
1548 1374 1664 1408 forma
1686 1372 1984 1408 animalculorum
2007 1373 2285 1417 insensibiliumg

1235 1433 1283 1467 ita
1311 1436 1349 1466 ut
1370 1433 1551 1477 ‚generatio
1574 1433 1742 1467 animalis
1765 1432 1851 1466 nihil
1874 1433 1969 1466 aliud
1992 1432 2049 1477 sit,
2080 1443 2185 1477 quam
2207 1431 2285 1474 ejus

1233 1491 1392 1526 evolutio
1417 1495 1450 1525 et
1474 1491 1731 1537 augmentatio,
1756 1490 2159 1536 animalquenunquam
2181 1494 2283 1525 natu-

2202 1550 2283 1584 ideo

1232 1612 1509 1643 eonsentaiwum
1538 1612 1603 1654 est,
1636 1610 1671 1641 ut
1700 1608 1793 1653 quod
1822 1609 2033 1643 naturaliter
2054 1620 2123 1643 non
2146 1609 2281 1654 incipit,

1233 1667 1341 1702 etiam
1374 1667 1585 1701 naturaliter
1614 1677 1686 1701 non
1715 1666 1872 1711 111-51111113
1910 1668 1959 1702 ita
1997 1679 2093 1702 mors
2126 1667 2281 1702 vicissim

1232 1727 1317 1761 ’111111
1341 1726 1437 1760 aliud
1460 1726 1545 1771 erit,
1569 1737 1675 1771 quam
1707 1726 1879 1760 animalis
1909 1727 2085 1761 involutio
2114 1730 2150 1761 et
2178 1726 2282 1761 (111111-

1232 1786 1352 1829 111111ος
1385 1785 1471 1819 (111111
1500 1796 1521 1819 a
1551 1785 1705 1819 statione
1734 1784 1902 1819 animalis
1933 1786 2052 1831 magni
2081 1786 2127 1820 ad
2149 1789 2282 1820 statum

1233 1551 1356 1584 raliter
1393 1550 1551 1596 incipiat,
1589 1550 1648 1583 sed
1686 1552 1825 1583 tantum
1862 1551 2155 1584 transl'orinetin·:

1229 1844 1434 1878 animalculi
1456 1843 1559 1878 redit.

1288 1903 1373 1938 ΧΗ.
1417 1906 1528 1937 t’orro
1559 1905 1598 1936 ut
1629 1901 1664 1935 in
1696 1902 1799 1936 nobis
1828 1902 2061 1937 iutelle‹·tioni
2093 1902 2284 1948 respondet

1230 1963 1409 2008 voluntas,
1441 1963 1491 1996 ita
1518 1961 1554 1995 in
1576 1961 1676 1995 omni
1700 1961 1903 1995 lintelechia
1928 1961 2113 2008 primitiva
2142 1972 2283 2008 percep-

1231 2021 1319 2056 tioni
1349 2021 1539 2067 respondet
1568 2020 1765 2066 apptaitus,
1803 2031 1863 2055 seu
1894 2021 2020 2064 agendi
2055 2024 2203 2055 conatus
2237 2021 2282 2055 ad

1231 2092 1362 2116 novam
1384 2079 1647 2127 perceptionem
1669 2079 1817 2114 tendens
1881 2080 2005 2126 Neque
2025 2080 2120 2115 enim
2142 2083 2283 2117 tantum

1231 2140 1268 2174 in
1298 2140 1516 2186 percipiente
1545 2139 1700 2174 varietas
1727 2138 1859 2181 objecti
1888 2144 2192 2186 repraesentatur‚
2221 2140 2282 2174 sed

1230 2199 1338 2234 etiam
1358 2201 1393 2234 lit
1411 2199 1564 2234 variatio
1581 2198 1692 2244 ipsius
1710 2199 2060 2245 repraesentationis,
2075 2201 2156 2245 quia
2172 2199 2282 2234 etiam

1231 2258 1569 2305 r(-1‘vraesenta1idum
1592 2256 1762 2293 variatur.

1289 2318 1391 2352 XIII.
1423 2317 1571 2352 Interim
1595 2327 1638 2350 ne
1659 2316 1840 2349 bominem
1864 2316 1969 2350 bruto
1994 2317 2102 2351 nimis
2129 2327 2281 2362 aequare

1231 2376 1436 2420 videamus3
1468 2375 1651 2409 sciendum
1673 2378 1737 2418 est,
1762 2374 1975 2408 immensum
1996 2386 2072 2408 esse
2092 2375 2279 2410 discrimen

1230 2435 1323 2468 inter
1352 2434 1614 2480 perceptionem
1644 2432 1829 2467 bominum
1860 2435 1896 2466 et
1925 2432 2126 2467 brutorum.
2186 2435 2279 2469 Nam

1231 2496 1371 2539 praeter
1391 2493 1554 2526 infinnnn
1583 2491 1822 2537 perceptitmis
1846 2492 2011 2538 gradum,
2033 2493 2093 2538 qui
2114 2492 2222 2528 etiam
2245 2494 2281 2528 in

1199 2549 1200 2562 ³
1230 2552 1454 2597 stupentibus
1475 2551 1660 2597 reperitur,
1695 2550 1761 2592 (ut
1787 2551 2004 2596 explicatum
2037 2552 2115 2595 est)
2147 2556 2183 2586 et
2211 2563 2282 2587 me.-

1231 2612 1331 2645 ‹lium
1362 2611 1523 2657 gradum,
1553 2620 1658 2655 quem
1687 2610 1890 2644 sensionem
1917 2610 2152 2657 adpellamus,
2182 2615 2217 2646 et
2246 2612 2281 2646 in

1231 2670 1347 2705 brutis
1362 2669 1598 2715 agnoscimus.
1609 2668 1714 2703 datur
1728 2669 1860 2712 gradus
1876 2669 2022 2714 quidam
2038 2670 2159 2716 altior,
2176 2681 2281 2715 quem

1230 2730 1452 2776 adpellamus
1473 2729 1737 2774 cogitationem.
1785 2728 1963 2773 Cogitatio
1990 2732 2110 2764 autem
2131 2733 2184 2763 est
2204 2740 2281 2774 pcr-

1230 2789 1347 2835 eeptio
1376 2800 1457 2823 cum
1486 2787 1626 2822 ratione
1653 2786 1858 2834 conjuncta,
1886 2799 1993 2833 quam
2024 2788 2139 2832 bruta,
2167 2797 2279 2832 quan-

1231 2852 1306 2883 tum
1329 2848 1520 2882 observare
1543 2857 1743 2892 possumus,
1761 2857 1831 2881 non
1854 2847 1996 2881 babent.

1290 2907 1390 2941 XIV.
1423 2906 1515 2947 Quia
1536 2909 1655 2940 autem
1676 2916 1717 2939 ea
1739 2917 1794 2940 res
1823 2907 1991 2940 hactenus
2012 2915 2084 2939 non
2106 2903 2196 2938 bene
2216 2915 2278 2938 ex-

1234 2966 1363 3012 plicata
1385 2968 1449 3010 est,
1471 2964 1556 2999 dum
1578 2965 1640 2999 alii
1663 2964 1778 2998 brutis
1799 2964 1907 2999 etiam
1930 2973 2071 2998 sensum
2093 2963 2279 3008 auleruntg

1232 3025 1293 3059 alii
1316 3025 1387 3059 illis
1409 3024 1520 3058 etiam
1542 3025 1719 3058 rationem
1747 3023 1920 3068 tribuunt,
1951 3021 2132 3065 multaque
2159 3031 2279 3055 exem-

1232 3084 1291 3130 pla
1320 3084 1494 3129 afferunt,
1526 3083 1561 3117 in
1590 3083 1719 3128 quibus
1749 3082 1853 3115 bruta
1879 3079 2148 3124 consequentias
2175 3091 2278 3125 quas-

1230 3143 1314 3176 dam
1336 3146 1476 3177 nectere
1498 3142 1661 3177 videntur
1672 3155 1682 3180 2,
1713 3139 1893 3174 sciendum
1921 3140 1986 3182 est,
2019 3137 2175 3184 duplices·
2203 3151 2278 3173 esse

1230 3201 1499 3236 consecutiones
1521 3204 1598 3235 toto
1625 3199 1724 3234 coelo
1745 3197 1913 3242 diversas,
1946 3197 2134 3242 empiricas
2161 3200 2197 3232 et
2223 3208 2277 3231 ra-

1232 3260 1392 3294 tionales.
1422 3258 1726 3304 Consequutiones
1740 3254 1931 3300 empiricae
1952 3255 2057 3290 nobis
2077 3259 2160 3291 sunt
2181 3266 2277 3290 com-

1201 3305 1203 3327 1
1233 3329 1358 3353 munes
1379 3329 1458 3353 cum
1482 3317 1608 3360 lmitis,
1629 3318 1663 3348 et
1686 3315 1720 3348 111
1749 3325 1791 3348 eo
1812 3313 2024 3362 consistunt,
2053 3317 2093 3350 ut
2122 3314 2277 3349 sentiens

1232 3388 1285 3423 ea,
1305 3388 1397 3423 quae
1417 3375 1606 3421 aliquoties
1634 3371 1825 3416 conjuncta
1852 3373 1961 3409 fuisse
1989 3375 2179 3422 expertum
2209 3376 2274 3420 est,
