2361 3643
776 85 850 122 LII.
911 85 976 122 DE
1004 84 1190 121 LINGUA
1221 85 1606 122 CHARACTERICA.

106 194 200 230 rem,
222 180 406 217 traductus
427 190 543 216 essem
563 180 610 216 ad
629 180 799 227 Logicam
819 183 855 217 et
875 179 1154 226 Philosophiam,

106 247 183 278 tum
211 252 277 287 ego
297 242 337 275 ut
358 239 515 286 primum
535 239 672 286 aliquid
694 240 732 275 in
752 240 807 275 his
828 240 934 275 rebus
957 238 1156 285 intelligere

104 300 224 347 coepi,
256 299 303 334 Di
324 299 431 345 boni,
461 310 570 345 quam
590 299 722 334 multas
742 299 865 334 statim
895 298 1092 334 chimaeras
1115 297 1154 332 in

104 370 185 395 meo
220 358 367 393 cerebro
403 361 527 393 enatas
563 357 693 393 chartis
722 358 844 405 illevi,
882 368 970 404 quas
1000 356 1152 393 subinde

103 418 355 466 proponebam
413 416 702 464 praeceptoribus
753 416 980 452 mirantibus.
1053 415 1152 451 Inter

103 478 175 513 alia
195 476 460 512 dubitationem
487 476 683 522 aliquando
713 475 906 510 movebam
938 476 981 511 de
1012 474 1151 521 praedi-

100 536 285 573 camentis.
316 535 490 571 Dicebam
505 535 602 570 enim
617 534 921 581 quemadmodum
935 533 1151 569 haberentur

100 596 390 644 praedicamenta
411 605 472 629 seu
491 594 621 629 classes
640 593 832 628 notionum
846 593 1078 640 simplicium,
1099 592 1151 627 ita
1183 609 1185 621 ι

103 655 235 692 debere
255 653 379 690 haberi
399 664 535 688 novum
556 652 929 699 praedicamentorum
951 663 1079 699 genus,
1111 650 1150 686 in

100 725 173 761 quo
201 716 238 749 et
266 712 532 759 propositiones
560 711 658 758 ipsae
684 723 746 746 500
773 712 935 747 Termini
969 710 1150 758 complexi

101 772 228 809 ordine
255 770 411 807 naturali
436 770 631 817 dispositae
657 770 891 816 haberentur,
927 770 1060 805 scilicet
1090 769 1149 805 de-
1181 802 1183 819 ξ

100 831 380 867 monstrationes
408 832 494 864 tunc
521 840 585 864 1100
612 841 676 877 per
702 829 883 864 somnium
909 839 1149 875 cognoveram
1181 826 1183 860 5

100 893 136 926 ct
163 890 368 925 nesciebam
395 889 462 924 hoc
493 888 631 935 ipsum,
668 888 765 934 quod
792 900 858 935 ego
885 888 1146 933 desiderabam,

99 952 216 986 facere
238 949 468 994 Geometras,
497 948 559 994 qui
580 947 844 994 propositiones
865 959 908 983 eo
930 947 1055 983 ordine
1076 946 1149 982 001-

99 1010 230 1055 locant,
253 1019 325 1054 quo
346 1018 418 1042 una
439 1018 486 1041 cx
504 1007 577 1042 alia
597 1007 871 1042 demonstratur.
909 1007 1034 1052 Itaque
1054 1016 1149 1040 vana

98 1067 245 1115 quidem
273 1069 351 1102 erat
377 1077 458 1102 mea
488 1065 685 1113 dubitatio,
716 1066 777 1101 sed
798 1076 879 1101 cum
899 1066 933 1101 ei
953 1076 1028 1100 non
1047 1064 1150 1099 satis-

99 1129 255 1163 facerent
270 1128 530 1173 praeceptores,
553 1136 619 1171 ego
640 1125 803 1160 novitate
817 1124 1053 1171 cogitationes
1068 1134 1150 1170 pro-

98 1189 250 1232 secutus,
273 1184 450 1220 moliebar
469 1184 622 1219 condere
637 1183 844 1229 hujusmodi
860 1184 1150 1230 praedicamenta

98 1244 353 1281 Terminorum
371 1244 644 1290 complexorum
663 1254 726 1278 seu
746 1242 1045 1290 propositionum.
1084 1241 1149 1276 Cui

97 1304 219 1340 studio
240 1314 321 1339 cum
342 1302 515 1338 intentius
536 1302 793 1348 incumberem,
817 1301 925 1337 incidi
947 1300 1148 1336 necessario
1183 1344 1185 1353 ‚

98 1364 136 1399 in
157 1364 247 1398 hanc
261 1361 605 1407 contemplationem
620 1361 883 1405 admirandam,
905 1360 1001 1406 quod
1016 1359 1151 1395 scilicet

97 1421 295 1468 excogitari
328 1422 451 1468 posset
477 1420 659 1466 quoddam
689 1419 934 1466 Alphabetum
963 1418 1151 1464 cogitatio·
1183 1436 1184 1442 =

98 1492 186 1517 num
212 1481 469 1526 humanarum,
502 1482 539 1514 et
565 1478 663 1525 quod
683 1478 867 1514 literarum
890 1476 995 1522 hujus
1016 1477 1150 1523 Alpha-

97 1540 173 1577 beti
192 1539 461 1575 combinatione
482 1541 519 1573 et
533 1538 787 1573 vocabulorem
805 1548 852 1571 ex
868 1536 955 1584 ipsis
971 1538 1149 1572 factorum

98 1599 252 1644 Analysi
286 1598 410 1634 omnia
444 1600 480 1632 et
512 1597 670 1632 inveniri
704 1600 740 1632 ct
774 1596 964 1641 dijudicari
991 1597 1148 1642 possent.

98 1659 178 1694 Hoc
198 1669 264 1704 ego
284 1657 505 1705 deprehenso
527 1657 676 1692 mirifice
695 1656 892 1701 exsultavi,
921 1654 1050 1702 puerili
1070 1654 1148 1701 qui-
1181 1700 1182 1708 ἵ

100 1717 184 1753 (10111
204 1717 346 1763 gaudio,
374 1727 460 1751 nam
481 1718 566 1750 tunc
586 1715 637 1751 rei
658 1715 945 1761 magnitudinem
966 1725 1040 1749 non
1060 1713 1147 1748 satis

99 1775 297 1822 capiebam.

101 1894 141 1929 in
166 1893 318 1928 consilio
344 1903 421 1928 rem
448 1895 587 1928 tantam
608 1893 858 1939 prosequendi.
918 1892 1026 1927 Forte
1045 1891 1145 1926 adul-

100 1953 172 1988 tior
190 1955 225 1987 et
245 1952 319 1987 iam
339 1951 470 1998 viginti
488 1963 602 1986 annos
621 1956 727 1986 natus
743 1951 920 1986 moliebar
934 1950 1147 1986 exercitium

99 2011 358 2047 academicum.
389 2011 515 2056 Itaque
537 2010 661 2057 scripsi
682 2010 1075 2045 Dissertationem
1095 2009 1146 2043 de

100 2072 198 2106 arte
226 2081 273 2105 co
284 2069 584 2115 mbinatoria,
624 2079 716 2115 quae
743 2069 858 2104 libelli
885 2070 1001 2103 forma
1028 2067 1146 2114 publi·

100 2132 181 2165 cata
196 2132 250 2165 est
264 2140 360 2164 1111110
388 2129 495 2164 1666
506 2156 516 2176 ,
550 2128 589 2163 in
603 2139 674 2174 qua
690 2128 856 2163 mirabile
870 2128 936 2163 1100
958 2127 1147 2161 inventum

100 2188 243 2235 publice
270 2187 454 2235 proposui.
515 2187 579 2222 Est
597 2187 742 2233 quidem
763 2198 805 2222 ea
827 2186 1041 2221 Dissertatio
1061 2196 1147 2232 qua-

100 2247 145 2283 lis
180 2246 288 2283 scribi
315 2247 435 2294 potuit
460 2258 482 2281 11
504 2245 656 2293 juvene,
685 2257 779 2281 nunc
800 2245 957 2292 primum
977 2256 996 2280 0
1028 2245 1146 2279 schola

101 2307 300 2353 prodeunte
327 2309 363 2342 et
383 2306 492 2341 nullis
513 2306 627 2341 adhuc
647 2304 804 2340 scientiis
826 2304 982 2339 realibus
1002 2303 1145 2338 imbuto

102 2365 237 2411 (neque
263 2364 361 2400 enim
389 2365 460 2400 illis
488 2365 525 2399 in
553 2365 641 2400 10015
663 2364 915 2399 mathematica
935 2363 1147 2398 excoleban-

101 2427 160 2459 tur
179 2427 216 2459 et
236 2424 267 2458 si
286 2423 432 2459 Parisiis
452 2424 650 2470 exegissem
672 2423 884 2470 pueritiam,
914 2422 1145 2468 quemadmo-

101 2483 188 2518 dum
207 2482 402 2529 PascaliuS,
424 2484 515 2518 forte
535 2482 710 2518 maturius
732 2482 827 2529 ipsas
843 2482 1009 2517 scientias
1025 2481 1145 2515 auxis-

101 2536 207 2589 sem)
235 2541 323 2575 duas
350 2544 471 2576 tamen
499 2542 545 2577 ob
572 2552 715 2576 caussas
744 2552 826 2576 eam
845 2540 1145 2576 Dissertationem

102 2599 285 2646 scripsisse
298 2610 373 2633 non
380 2599 558 2645 poenitet3
575 2600 732 2645 primum
747 2599 999 2645 quodmiritice
1010 2598 1143 2645 placuit

102 2658 228 2694 multis
243 2657 540 2704 ingeniosissimis
558 2657 664 2700 viris,
687 2658 815 2693 deinde
835 2658 932 2704 quod
957 2657 1038 2702 jam
1060 2660 1144 2692 tunc

102 2717 276 2753 indicium
296 2716 443 2763 aliquod
465 2715 545 2751 orbi
570 2716 713 2751 fecerim
727 2716 866 2752 inventi
881 2716 971 2762 mei,
988 2727 1033 2751 ne
1049 2727 1144 2751 nunc

101 2776 260 2824 primum
281 2775 368 2810 talia
388 2774 511 2810 videar
531 2774 766 2811 comminisci.

159 2836 230 2870 Cur
249 2846 356 2870 nemo
376 2833 595 2879 mortalium,
617 2843 800 2879 quousque
820 2832 991 2879 pertingit
1010 2843 1145 2867 memo-

102 2894 157 2929 ria
177 2894 366 2929 hominum
386 2891 629 2928 monumentis
650 2894 874 2936 conservata,
903 2891 949 2925 ad
970 2901 1046 2925 rem
1066 2894 1145 2926 tan-

102 2956 177 2988 tam
197 2952 395 2999 accesserit,
417 2951 582 2998 equidem
603 2962 709 2997 saepe
729 2961 810 2985 sum
831 2951 998 2993 miratus,
1020 2950 1145 2984 ordine

102 3011 201 3046 0111111
227 3011 526 3048 ratiocinantibus
553 3009 760 3054 hujusmodi
779 3007 1031 3043 meditationes
1052 3008 1145 3042 inter

102 3069 236 3116 primas
271 3081 453 3105 occurre-re
489 3070 687 3114 debebant,
726 3066 1030 3114 quemadmodum
1058 3066 1146 3101 mihi

102 3128 268 3175 contigit,
297 3129 358 3174 qui
384 3128 423 3163 in
443 3128 574 3174 Logica
600 3130 791 3174 occupatus
812 3126 924 3161 adhuc
947 3137 1034 3171 puer
1056 3137 1147 3160 non-

103 3187 190 3223 dum
216 3187 368 3222 moralia
394 3190 457 3222 aut
477 3187 727 3222 mathematica
757 3189 819 3221 aut
845 3184 994 3232 physica
1022 3184 1147 3230 attige-

104 3256 200 3292 ram,
235 3247 301 3281 huc
329 3249 450 3281 tamen
477 3245 605 3281 deveni
633 3246 681 3281 ob
711 3246 801 3280 110110
821 3245 936 3279 solam
956 3242 1146 3288 rationem,

104 3304 200 3352 quod
233 3315 372 3352 semper
398 3304 574 3352 principia
594 3304 710 3353 prima
738 3314 955 3351 quaererem.
1016 3302 1148 3337 Veram

356 1775 425 1810 Sed
445 1777 582 1821 postea,
611 1777 747 1821 quanto
769 1773 946 1818 majorem
965 1773 1005 1808 in
1025 1783 1146 1808 rerum
1179 1796 1181 1818 5

99 1833 307 1881 cognitione
327 1844 553 1881 progressum
572 1833 657 1880 feci,
679 1834 793 1880 magis
814 1833 1044 1868 confirmatus
1065 1843 1146 1867 sum
1179 1864 1181 1877 ¹,

1178 1882 1181 1911 ²
1213 1892 1435 1941 applicuerit,
1457 1901 1582 1926 caussa
1602 1890 1702 1924 nulla
1718 1889 1790 1923 alia
1805 1899 1879 1923 csse
1894 1890 2022 1933 potest,
2044 1896 2152 1932 quam
2167 1883 2263 1931 quod

2190 77 2272 118 163

1226 183 1347 215 autem
1373 179 1613 216 abel-rationis
1635 190 1657 214 a
1671 177 1787 223 janua
1807 188 1953 215 causam
1973 177 2141 225 arbitror,
2172 178 2269 224 quod

1224 239 1400 285 principia
1427 243 1510 275 sunt
1537 240 1746 286 plerumque
1765 238 1868 273 arida
1888 240 1923 273 et
1943 247 2071 284 parum
2091 240 2193 283 grata
2207 237 2269 272 ho-

1221 298 1395 345 minibus,
1418 299 1580 344 adeoque
1600 298 1727 333 leviter
1746 300 1888 343 gustata
1906 296 2148 332 dimittuntur.
2178 295 2268 331 Tres

1221 359 1343 392 tamen
1370 358 1466 392 viros
1486 357 1646 392 maxime
1667 357 1778 391 miror
1797 356 1843 391 ad
1865 358 2004 391 tantam
2019 366 2095 391 rem
2115 365 2191 390 non
2210 366 2268 390 ac-

1221 416 1380 463 cessisse,
1402 416 1647 461 Aristotelem,
1670 414 2085 461 ι100011111111111,11101ζὶ1101
2106 417 2141 449 ct
2150 414 2264 450 Rena-

1219 478 1296 510 tum
1312 476 1522 510 Cartesium.
1572 474 1786 510 Aristoteles
1805 474 1914 520 enim,
1937 484 2018 508 cum
2039 474 2211 519 Organon
2229 476 2267 508 et

1218 534 1464 581 Metaphysica
1485 533 1674 579 scriberet,
1697 532 1888 567 notionum
1909 532 2039 567 intima
2059 543 2191 578 magno
2212 531 2266 566 in-

1217 593 1324 641 genio
1351 593 1502 628 rimatus
1530 595 1595 627 est.
1654 592 1859 628 Joachimus
1878 592 2029 637 Jungius
2048 590 2264 626 Lubecensis

1220 653 1273 688 vir
1300 655 1353 688 est
1380 651 1502 698 paucis
1529 654 1637 686 notus
1664 650 1774 686 etiam
1795 650 1833 685 in
1852 650 1931 696 ipsa
1957 649 2172 695 Germania,
2201 649 2264 684 sed

1217 715 1319 748 tanto
1348 711 1416 746 fuit
1440 709 1578 754 judicio
1608 712 1643 745 et
1664 709 1859 755 capacitate
1879 708 1992 743 animi
2012 712 2087 744 tam
2109 709 2180 743 late
2200 720 2264 755 pa-

1216 774 1313 807 tente
1341 773 1380 805 ut
1406 769 1564 805 nesciam
1591 780 1639 804 an
1666 779 1687 803 a
1714 778 1896 814 quoquam
1922 768 2148 813 mortalium,
2184 767 2264 814 ipso

1216 830 1327 866 etiam
1347 829 1506 864 Cartesio
1532 839 1608 863 non
1628 830 1796 873 excepto,
1827 826 1984 872 potuerit
2005 826 2134 862 rectius
2155 837 2263 872 expe-

1216 889 1305 925 ctari
1332 887 1546 924 restauratio
1567 897 1698 933 magna
1718 885 1966 931 scientiarum,
1995 885 2025 919 si
2047 884 2102 920 vir
2121 884 2181 919 ille
2201 887 2264 920 aut

1216 948 1379 995 cognitus
1407 949 1470 982 aut
1496 946 1641 991 adjutus
1670 945 1806 980 fuisset.
1866 944 1953 979 Erat
1973 946 2094 978 autem
2110 942 2189 986 jam
2210 954 2263 977 se-

1181 1011 1183 1017 '
1216 1018 1289 1044 nex
1315 1018 1397 1043 cum
1423 1006 1595 1052 inciperet
1620 1005 1748 1040 florere
1775 1003 1973 1049 Cartesius,
2001 1005 2041 1037 ut
2069 1002 2263 1037 dolendum

1216 1066 1412 1103 admodum
1441 1065 1489 1100 sit
1514 1064 1653 1100 nullam
1682 1063 1769 1109 ipsis
1796 1063 1890 1097 inter
1909 1073 1946 1097 se
1965 1061 2135 1096 notitiam
2154 1061 2263 1095 inter-

1217 1126 1373 1163 cessisse.
1431 1124 1536 1165 Quod
1556 1123 1603 1158 ad
1622 1121 1822 1158 Cartesium
1842 1121 1994 1167 attinet,
2016 1120 2181 1165 equidem
2200 1119 2264 1154 hu-

1212 1186 1274 1230 jus
1297 1185 1366 1220 loci
1386 1195 1460 1219 non
1485 1186 1538 1218 est
1556 1182 1703 1217 laudare
1722 1181 1841 1216 vimm
1861 1180 1996 1226 ingenii
2016 1178 2265 1225 magnitudine

1183 1262 1185 1270 1
1218 1245 1340 1280 laudes
1361 1254 1474 1290 prope
1493 1251 1771 1288 supergressum.
1809 1240 1911 1275 Certe
1931 1239 2029 1273 viam
2048 1237 2180 1272 institit
2200 1248 2264 1283 per

1218 1304 1320 1339 ldeas
1348 1312 1470 1337 veram
1498 1304 1535 1336 et
1561 1303 1697 1336 rectam
1717 1301 1753 1335 et
1772 1299 1839 1334 huc
1859 1298 2065 1341 ducentem,
2097 1296 2158 1331 sed
2180 1306 2263 1331 cum

1218 1363 1265 1398 ad
1292 1362 1458 1409 plausum
1486 1370 1551 1395 sua
1580 1359 1734 1393 nimium
1755 1357 1963 1403 direxisset,
1997 1356 2138 1391 videtur
2157 1354 2262 1390 abru-

1218 1421 1313 1468 pisse
1359 1420 1459 1454 filum
1507 1417 1751 1464 inquisitionis
1791 1420 1825 1452 et
1874 1418 2061 1451 contentus
2111 1414 2263 1449 medita-

1219 1481 1336 1515 tiones
1370 1477 1632 1524 metaphysicas
1667 1479 1703 1511 et
1737 1475 1933 1522 specimina
1967 1473 2182 1520 geometrica
2202 1472 2262 1507 de-

1218 1540 1330 1585 disse,
1382 1536 1512 1583 quibus
1558 1535 1746 1570 hominum
1792 1535 1914 1569 oculos
1955 1533 1994 1567 in
2035 1544 2072 1567 se
2116 1542 2262 1567 conver-

1218 1601 1319 1634 teret.
1385 1596 1439 1631 De
1489 1595 1627 1640 reliquo
1671 1596 1839 1628 naturam
1891 1602 2098 1638 corporum,
2148 1589 2262 1625 Medi-

1215 1658 1317 1694 cinae
1337 1666 1481 1701 caussa,
1503 1654 1667 1690 excolere
1687 1651 1889 1688 constituit:
1917 1654 2011 1689 recte
2032 1651 2208 1697 profectO,
2230 1648 2262 1683 si

1214 1720 1321 1752 antea
1357 1725 1506 1762 pensum
1534 1713 1637 1748 Ideas
1664 1711 1776 1747 animi
1809 1709 2001 1746 ordinandi
2036 1708 2261 1753 absolvisset,

1214 1776 1298 1811 inde
1322 1774 1419 1810 enim
1439 1774 1503 1808 lux
1524 1772 1661 1807 oritura
1681 1774 1757 1807 erat
1777 1770 1864 1817 ipsis
1886 1768 2158 1815 experimentis,
2188 1777 2264 1801 ma-

1208 1835 1270 1880 jor
1290 1845 1399 1881 quam
1420 1831 1515 1868 credi
1536 1831 1659 1878 possit.
1720 1831 1790 1865 Cur
1810 1840 1895 1875 ergo
1916 1828 1983 1863 huc
2002 1827 2167 1862 animum
2188 1835 2262 1860 non

1215 1953 1266 1989 rei
1293 1951 1474 1987 rationem
1500 1952 1536 1984 et
1562 1948 1637 1983 vim
1665 1959 1739 1983 non
1767 1946 1854 1982 satis
1881 1946 2005 1981 fuisset
2025 1944 2148 1980 animo
2168 1954 2262 1978 asse-

1213 2015 1334 2055 cutus,
1355 2020 1441 2045 nam
1462 2007 1491 2042 si
1512 2007 1660 2042 vidisset
1680 2006 1829 2041 modum
1845 2003 2089 2039 constituendi
2102 2002 2263 2038 Philoso-

1214 2071 1337 2117 phiam
1370 2066 1604 2112 rationalem,
1641 2076 1755 2111 aeque
1782 2064 1875 2099 clare
1904 2066 1941 2097 et
1968 2060 2262 2107 irrefragabiliter

1215 2141 1256 2165 ac
1283 2126 1565 2170 arithmeticam,
1588 2134 1635 2160 an
1655 2122 1827 2159 credibile
1848 2124 1901 2156 est
1921 2120 1993 2156 alia
2013 2119 2132 2166 potius
2153 2129 2262 2164 quam

1213 2189 1279 2223 hac
1305 2186 1363 2221 via
1383 2186 1430 2221 ad
1452 2187 1586 2219 sectam
1612 2180 1918 2225 constituendam,
1953 2179 2050 2225 quod
2075 2181 2263 2224 tantopere

1213 2245 1417 2291 ambiebat,
1440 2254 1587 2278 usurum
1608 2242 1726 2277 fuisse.
1786 2240 1881 2275 Nam
1903 2241 1998 2273 secta
2018 2237 2174 2284 quidem,
2196 2236 2262 2271 1100

1212 2303 1487 2352 philosophandi
1508 2312 1636 2348 genere
1656 2310 1773 2345 usura,
1796 2309 1859 2345 per
1881 2297 1998 2343 ipsam
2018 2307 2138 2332 rerum
2158 2298 2262 2330 natu-

1212 2375 1311 2409 ram,
1342 2363 1465 2399 statim
1492 2360 1555 2395 ubi
1578 2362 1758 2404 nascetur,
1794 2356 1987 2403 imperium
2016 2356 2055 2390 in
2084 2355 2263 2391 rationem

1212 2422 1411 2467 exercebit,
1435 2420 1652 2467 geometrico
1672 2420 1764 2462 ritu,
1793 2419 1829 2452 et
1849 2427 1924 2450 11011
1944 2417 2028 2450 ante
2048 2417 2110 2449 aut
2130 2413 2263 2460 peribit

1213 2486 1277 2518 aut
1310 2479 1586 2517 labefactabitur
1620 2488 1729 2524 quam
1758 2486 1840 2510 cum
1868 2475 1906 2509 in
1935 2484 2063 2521 genere
2089 2474 2259 2517 humano,

1212 2543 1400 2588 ingruente
1433 2538 1600 2575 barbarie
1633 2536 1789 2583 quadam
1824 2545 1937 2579 nova,
1974 2532 2143 2567 scientiae
2171 2531 2261 2566 inte-

1212 2601 1347 2636 ribunt.

1270 2659 1331 2693 Me
1358 2667 1443 2692 vero
1473 2656 1573 2690 nulla
1593 2653 1666 2689 alia
1684 2663 1809 2687 caussa
1829 2651 1868 2686 in
1888 2650 1943 2686 his
1965 2648 2260 2686 meditationibus

1211 2716 1376 2761 detinuit,
1398 2714 1464 2749 etsi
1485 2716 1539 2748 tot
1559 2712 1640 2747 aliis
1659 2711 1777 2746 modis
1797 2710 2020 2755 distractum,
2041 2719 2150 2755 quam
2164 2706 2261 2752 quod

1212 2773 1498 2821 magnitudinem
1525 2770 1602 2815 eJus
1630 2773 1745 2806 totam
1773 2769 1847 2805 vidi
1876 2772 1912 2805 et
1932 2769 2027 2815 quod
2049 2764 2258 2812 assequendi

1212 2834 1391 2870 rationem
1412 2831 1502 2866 mire
1523 2830 1665 2865 facilem
1684 2828 1818 2865 detexi.
1868 2829 1947 2863 Hoc
1966 2827 2063 2862 enim
2084 2828 2136 2860 est
2156 2822 2257 2866 illud,

1212 2892 1309 2939 quod
1343 2888 1593 2926 intentissimis
1626 2887 1923 2924 meditationibus
1952 2886 2098 2921 tandem
2124 2880 2255 2917 inveni.

1213 2952 1337 2996 ltaque
1357 2960 1452 2984 nunc
1471 2947 1560 2983 nihil
1581 2947 1680 2983 0111111
1700 2957 1790 2994 opus
1809 2950 1876 2992 est,
1897 2956 2004 2992 quam
2021 2946 2059 2978 ut
2074 2941 2258 2976 Characte—

1213 3009 1350 3055 ristica,
1386 3019 1495 3054 quam
1523 3006 1670 3053 molior,
1701 3008 1878 3052 quantum
1904 3004 1950 3039 ad
1977 2998 2257 3037 Grammaticam

1213 3068 1355 3113 linguae
1389 3070 1465 3102 tam
1498 3065 1676 3101 mirabilis
1710 3063 2041 3106 Dictionariumque
2079 3056 2258 3104 plerisque

1214 3125 1515 3172 frequentioribus
1542 3125 1774 3160 suffecturum
1802 3122 1888 3157 satis
1908 3123 1977 3163 est,
2004 3116 2256 3159 constituatur,

1215 3186 1271 3220 vel
1291 3185 1389 3231 quod
1409 3184 1505 3220 idem
1525 3187 1590 3229 est,
1612 3181 1982 3218 utNumeriIdearum
1999 3174 2161 3210 omnium
2177 3173 2257 3208 cha-

1215 3243 1422 3279 racteristici
1442 3243 1651 3279 habeantur.
1710 3239 1825 3284 Nihil,
1857 3238 2019 3281 inquam,
2049 3233 2147 3268 aliud
2168 3242 2258 3278 opus

1216 3306 1287 3350 est,
1314 3313 1423 3350 quam
1449 3305 1489 3338 ut
1508 3301 1683 3337 condatur
1702 3308 1823 3333 cursus
1842 3292 2108 3343 philosophicus
2127 3294 2163 3327 et
2183 3301 2257 3326 ma-

1674 3357 1722 3392 ‘21
1752 3351 1773 3372 ”⁵
