2361 3643
906 92 965 128 VI.
1003 92 1069 127 DE
1089 92 1205 128 VITA
1225 92 1399 130 BEATA.

74 188 201 234 parent
220 197 326 232 saepe
344 186 450 232 longe
465 185 619 231 majores
634 196 743 233 quam
758 197 881 222 revera
897 189 990 233 sunt,
1013 196 1115 233 prae-

74 245 198 281 sertim
217 247 410 290 antequam
430 245 700 292 possideantur,
730 256 821 291 quae
841 245 1019 280 malorum
1039 255 1115 279 om-
1147 272 1148 298 ,

73 304 176 339 nium
195 303 427 349 omniumque
447 304 485 339 in
506 304 580 339 vita
599 315 760 339 errorum
781 304 881 347 origo
901 306 973 350 est,
995 304 1116 339 obser·
1147 303 1149 338 1

73 363 232 398 vandum
259 361 324 405 (ne
344 362 458 409 speeie
482 363 625 397 illarum
641 362 877 408 decipiamur)
894 363 1115 397 voluntatem

74 432 121 456 ex
141 420 387 466 magnitudine
406 421 633 467 perfectionis
660 421 761 455 illam
789 421 1013 467 producentis
1039 432 1115 456 esse

73 479 344 515 aestimandam.
404 479 454 515 Ut
495 479 616 525 itaque
650 479 771 514 anima
806 482 929 515 nostra
964 481 1115 527 perfecte

73 540 243 574 contenta
261 538 320 585 sit,
341 538 430 573 nihil
449 538 548 573 aliud
563 538 667 573 debet
683 548 792 584 quam
806 537 976 574 virtutem
991 541 1116 574 exacte

74 596 222 643 sectari,
243 597 442 643 quicunque
461 596 557 631 enim
577 596 628 631 ita
648 596 733 643 agit,
756 602 795 631 ut
815 597 1032 632 conscientia
1051 608 1115 632 sua

74 656 293 702 exprobrare
313 655 345 691 ei
365 657 528 702 nequeat,
538 655 656 701 ipsum
676 665 834 701 unquam
854 656 1053 702 neglexisse
1072 666 1114 691 ea
1146 677 1148 696 1

75 715 202 759 facere,
223 724 314 759 quae
333 713 483 748 meliora
497 712 675 756 judicavit
693 709 805 762 (quod
826 717 877 749 est
898 714 1024 750 sectari
1044 715 1114 749 vir-

73 772 220 817 tutem),
241 771 325 806 inde
344 771 452 806 habet
472 771 763 818 satisfactionem,
781 783 872 818 quae
893 776 967 808 tam
986 776 1113 820 potens

72 832 127 865 cst
146 830 193 864 ad
212 829 434 865 efficiendam
454 830 672 877 felicitatem,
694 834 735 866 ut
755 831 985 867 violentiores
1005 831 1115 867 etiam

72 888 265 924 affectuum
292 890 410 923 motus
433 899 618 935 nunquam
644 892 699 924 sat
725 890 880 926 habeant
908 890 1039 926 11111101
1068 889 1116 926 ad

71 946 289 984 turbandam
307 947 421 982 emimi
440 948 750 994 trzmquillitatem.

398 1031 787 1077 EPILOGUS.

131 1121 229 1157 Haec
250 1122 288 1157 in
308 1122 472 1159 habitum
492 1134 664 1158 conversa
684 1126 855 1170 generant
875 1123 1114 1171 generosi-
1147 1149 1149 1162 ι

73 1183 233 1227 tatem,
263 1191 355 1227 quae
381 1181 500 1228 efficit,
529 1184 569 1217 ut
595 1182 704 1218 homo
730 1194 768 1218 se
795 1183 975 1218 existimet
1003 1194 1113 1229 quan-
1146 1171 1148 1211 ἶ

73 1242 152 1275 tum
172 1242 289 1286 potest
319 1240 490 1286 legitime.
537 1241 634 1276 Haec
661 1244 781 1277 autem
807 1242 846 1276 in
872 1253 916 1277 eo
937 1242 1110 1288 consistit,

70 1298 206 1344 partim
225 1300 265 1333 ut
284 1299 381 1333 norit
401 1299 490 1334 nihil
508 1310 632 1334 revera
652 1310 757 1334 51111111
775 1312 852 1335 0550
878 1302 1028 1346 excepta
1047 1301 1112 1335 hac

71 1356 186 1393 libera
205 1356 440 1402 dispositione
460 1368 606 1392 suarum
625 1358 864 1404 voluntatum,
896 1369 961 1393 nec
981 1370 1018 1393 50
1038 1359 1113 1393 lau-

72 1415 151 1451 dari
170 1417 233 1450 aut
253 1415 449 1461 vituperari
475 1415 603 1451 debere
628 1415 698 1450 nisi
718 1417 814 1462 quod
842 1416 905 1451 illa
932 1416 1023 1452 bene
1050 1419 1113 1452 aut

71 1473 167 1509 male
185 1476 318 1520 utatur,
340 1474 542 1520 partimque
564 1474 661 1520 quod
688 1476 821 1510 sentiat
842 1475 881 1510 in
900 1486 938 1510 se
957 1475 1036 1522 ipso
1057 1476 1114 1510 fir-

70 1542 172 1567 mum
191 1543 233 1568 ac
252 1535 418 1568 constans
439 1533 664 1579 propositum
679 1544 721 1569 ca
736 1533 827 1569 bene
846 1534 981 1580 utendi,
1002 1534 1040 1569 id
1061 1537 1113 1569 est

70 1601 268 1637 numquam
302 1592 446 1627 carendi
479 1592 676 1638 voluntate,
712 1592 926 1639 suscipiendi
961 1596 997 1628 et
1031 1604 1113 1628 exc-

70 1650 203 1697 quendi
223 1650 346 1686 omnia
366 1661 456 1697 quae
477 1650 696 1694 judicaverit
722 1652 872 1687 meliora
899 1663 986 1698 esse,
1016 1652 1112 1698 quod

71 1711 126 1744 est
145 1710 299 1755 perfecte
319 1709 419 1755 sequi
438 1709 618 1745 virtutem.
678 1710 749 1751 Qui
768 1711 836 1746 hoe
856 1710 900 1745 de
921 1723 958 1746 se
978 1713 1111 1746 nortmt

71 1770 108 1803 et
127 1766 297 1813 sentiunt,
318 1767 371 1802 illi
392 1767 462 1803 sibi
482 1768 584 1804 facile
600 1770 824 1817 persuadent,
841 1769 1000 1816 singulos
1020 1770 1111 1805 alios

70 1825 234 1861 homines
252 1826 349 1861 idem
369 1826 413 1861 de
434 1838 471 1862 se
490 1826 579 1873 ipsis
599 1828 730 1864 sentire
750 1831 813 1864 aut
834 1829 965 1864 sentire
992 1840 1108 1875 posse,

69 1885 241 1930 quoniam
269 1884 306 1919 in
332 1896 375 1920 eo
401 1885 494 1920 nihil
519 1889 584 1933 est,
613 1887 710 1932 quod
736 1888 783 1923 ab
810 1888 884 1923 alio
906 1890 942 1922 et
968 1899 1043 1923 non
1064 1888 1110 1923 ab

68 1942 155 1990 ipsis
183 1943 347 1990 pendeat.
395 1944 530 1980 Idcirco
555 1946 737 1981 neminem
762 1957 934 1992 umquam
954 1950 1112 1982 contem-

67 2004 156 2037 nent
175 2004 210 2037 et
230 2002 297 2038 etsi
316 2002 462 2038 w'deant
482 2003 573 2038 alios
588 2004 777 2040 admittere
791 2005 1003 2051 sphalmata,
1019 2016 1111 2051 quae

67 2060 262 2096 ostendunt
288 2071 412 2096 eorum
437 2062 737 2110 imbecillitatem,
770 2066 853 2098 sunt
881 2066 1003 2099 tamen
1029 2075 1110 2110 pro-

67 2118 186 2155 niores
206 2119 252 2154 ad
280 2130 341 2154 cos
368 2121 602 2167 excusandos,
630 2132 740 2167 quam
765 2122 973 2169 carpcndOS,
1001 2125 1037 2158 ct
1062 2122 1109 2157 ad

65 2177 293 2224 credendum,
315 2189 376 2213 eos
396 2179 516 2225 potius
536 2190 583 2214 ex
601 2180 753 2216 notItiae
772 2191 880 2227 quam
901 2181 1018 2217 bonae
1046 2192 1109 2216 vo-

66 2236 214 2273 luntatis
234 2236 373 2273 defectu
400 2249 556 2286 peccare,
583 2241 619 2275 et
645 2240 814 2286 quamvis
840 2239 925 2276 odio
951 2240 1107 2276 habeant
1137 2209 1143 2266 l

2171 88 2227 130 75

1182 186 1281 233 vitia,
1303 198 1377 222 non
1397 187 1478 223 ideo
1500 191 1620 223 tamen
1640 187 1793 224 oderunt
1812 198 1885 235 005,
1904 198 1993 234 quos
2012 188 2086 224 illis
2101 189 2226 224 vident

1182 245 1372 292 obnoxios,
1394 247 1455 281 sed
1476 247 1593 281 solum
1613 258 1736 282 00111111
1756 247 1979 282 miserentur.
2038 248 2092 282 Ac
2118 250 2225 294 prout

1182 314 1256 338 non
1277 315 1313 338 se
1334 307 1461 350 putant
1483 305 1596 340 multo
1618 305 1804 341 inferiores
1831 305 1886 352 iis,
1909 306 1971 352 qui
1996 306 2102 352 plura
2128 306 2225 341 bona

1183 364 1245 396 aut
1265 362 1416 397 honores
1438 364 1630 410 possident,
1653 368 1715 399 aut
1735 364 1796 410 qui
1821 364 1978 410 ingenio,
2010 364 2223 412 eruditione,

1183 422 1344 456 formare
1378 422 1619 468 praepollent,
1656 423 1712 457 vel
1742 423 1832 458 alios
1865 425 2023 458 caeteros
2056 426 2226 470 superant

1182 478 1220 514 in
1241 479 1321 514 aliis
1341 480 1557 525 quibusdam
1577 482 1864 526 perfectionibuS,
1886 481 1937 516 ita
1957 493 2021 517 1100
2050 494 2088 517 50
2108 482 2224 517 multo

1182 538 1380 584 superiores
1400 538 1609 573 existimant
1630 538 1684 585 iis,
1701 551 1788 585 (11105
1808 540 1976 575 5101111101·
1995 540 2033 575 111
2049 540 2102 575 1115
2123 551 2225 587 prae-

1181 596 1326 643 cellunt,
1349 597 1444 642 quod
1465 597 1550 632 haec
1571 597 1692 632 onmia
1712 598 1782 632 illis
1811 598 2000 634 videantur
2026 599 2121 633 haud
2148 610 2225 634 ma-

1180 666 1251 701 gna
1271 655 1556 691 consideratione
1576 656 1684 702 digna
1705 668 1790 702 prae
1812 657 1908 691 bona
1933 657 1996 692 illa
2023 658 2221 704 voluntate,

1179 724 1226 749 ex
1246 724 1317 760 qua
1336 713 1413 749 sola
1433 726 1470 749 se
1489 714 1693 749 aestimant.

1239 773 1293 808 Ae
1327 772 1377 807 sic
1412 772 1653 818 generosiores
1689 772 1804 807 solent
1839 773 2045 808 humiliores
2080 784 2223 820 quoquc

1182 842 1276 877 esse,
1297 831 1537 867 humilitas
1557 834 1679 866 autem
1698 831 1861 865 consistit
1881 831 1919 866 in
1945 843 1988 867 ea
2013 832 2221 879 reflexione,

1147 896 1149 923 ι
1181 900 1291 939 quam
1318 889 1468 925 facimus
1495 900 1603 936 supra
1627 889 1871 924 infirmitatem
1897 892 2040 925 nostrae
2059 893 2220 939 naturae,

1182 951 1219 984 et
1246 959 1382 984 errores
1412 958 1500 994 quas
1527 948 1615 983 olim
1635 948 1816 995 potuimus
1845 950 1881 983 et
1907 948 2072 995 deinceps
2099 960 2222 996 possu-

1183 1018 1262 1042 mus
1282 1006 1515 1053 committere,
1545 1007 1607 1053 qui
1633 1018 1708 1042 non
1734 1006 1890 1041 minores
1917 1010 2000 1041 sunt
2028 1007 2071 1042 iis
2092 1008 2153 1054 qui
2173 1009 2221 1043 ab

1181 1066 1263 1102 aliis
1294 1065 1473 1102 committi
1505 1069 1665 1112 possunt,
1701 1065 1887 1111 efficitque,
1922 1068 1963 1101 111
1991 1076 2058 1101 nos
2084 1066 2221 1101 nemini

1180 1127 1433 1172 praeferanmS,
1456 1127 1662 1170 reputantes
1682 1126 1840 1159 caeteros
1860 1123 1923 1169 qui
1942 1125 2079 1170 pollent
2099 1125 2220 1160 nobis-

1180 1194 1262 1218 cum
1282 1195 1346 1218 suo
1365 1183 1482 1218 libero
1502 1183 1653 1218 arbitrio
1673 1193 1785 1228 aeque
1800 1183 1892 1218 bene
1911 1193 1952 1218 ac
1966 1194 2032 1218 nos
2053 1194 2096 1219 eo
2116 1195 2221 1230 posse

1179 1243 1244 1277 uti.
1302 1242 1373 1283 Qui
1398 1242 1464 1276 hoc
1491 1241 1600 1277 modo
1629 1241 1791 1287 generosi
1817 1244 1911 1288 sunt,
1942 1242 2154 1277 naturaliter
2173 1242 2220 1277 ad

1180 1311 1312 1347 magna
1331 1300 1507 1347 patranda
1527 1302 1699 1346 feruntur,
1721 1300 1770 1334 sic
1791 1302 1922 1345 tamen,
1943 1303 1983 1335 ut
2002 1300 2093 1335 nihil
2112 1300 2222 1336 susci-

1180 1360 1295 1405 piant,
1317 1358 1417 1403 cujus
1445 1370 1484 1394 se
1511 1370 1585 1394 non
1612 1369 1757 1405 capaces
1785 1359 1954 1405 sentiant,
1984 1362 2020 1394 ct
2046 1359 2219 1404 quoniam

1180 1418 1271 1452 nihil
1297 1417 1411 1463 magis
1436 1420 1605 1463 reputant
1631 1427 1740 1463 quam
1760 1417 1850 1452 bene
1869 1419 1984 1453 facere
2004 1417 2085 1452 aliis
2105 1418 2219 1453 homi-

1181 1476 1287 1511 nibus
1316 1476 1463 1522 proprio
1490 1486 1596 1523 saepe
1624 1475 1815 1511 commodo
1841 1478 2029 1523 contento,
2057 1476 2114 1511 hic
2140 1488 2219 1523 per-

1182 1537 1271 1571 fecte
1318 1534 1529 1579 humani,
1576 1534 1826 1580 affabiles,
1880 1535 2088 1569 officiosi
2135 1546 2220 1581 erga

1179 1603 1469 1639 unumquemque
1502 1595 1595 1628 sunt.
1654 1592 1852 1628 Afl'ectibus
1885 1596 2006 1628 autem
2035 1593 2126 1640 suis,
2155 1593 2219 1629 sed

1178 1652 1343 1699 inprimis
1370 1651 1529 1687 imidiae
1555 1663 1596 1687 ac
1623 1651 1824 1697 zelotypiae
1852 1651 2094 1698 dominantur,
2121 1652 2218 1697 quod

1178 1713 1344 1758 reputent
1369 1710 1459 1746 nihil
1497 1709 1596 1755 cujus
1622 1710 1808 1756 acquisitio
1841 1721 1863 1745 a
1892 1722 1930 1745 se
1955 1721 2031 1746 non
2064 1711 2219 1757 pendeat

1180 1770 1273 1806 tanti
1299 1781 1386 1816 esse,
1413 1772 1453 1805 ut
1487 1770 1642 1805 multum
1676 1769 1804 1804 debeat
1831 1770 2013 1815 exoptari,
2049 1772 2085 1804 01
2112 1769 2218 1804 odio

1179 1840 1262 1875 erga
1288 1829 1450 1865 homines
1479 1828 1565 1874 quia
1593 1839 1716 1862 omncs
1744 1827 1956 1874 aestimant,
1994 1830 2030 1863 et
2059 1828 2216 1874 metui,

1179 1888 1276 1935 quod
1296 1887 1423 1924 fiducia
1448 1887 1614 1933 propriae
1640 1886 1782 1921 virtutis
1807 1886 1880 1922 sint
1900 1887 2025 1932 securi,
2052 1890 2087 1922 et
2108 1887 2216 1933 irae,

1179 1947 1275 1993 quod
1295 1946 1396 1993 parii
1416 1946 1610 1992 pendentes
1629 1955 1859 1991 quaecunque
1879 1945 2037 1991 pendent
2057 1956 2103 1980 ex
2123 1945 2215 1991 aliis,

1178 2016 1375 2051 numquam
1394 2007 1537 2040 tantum
1556 2004 1752 2039 concedant
1772 2003 1845 2038 suis
1872 2003 2096 2051 adversariis,
2118 2006 2159 2039 ut
2179 2015 2218 2038 se

1178 2064 1224 2100 ab
1245 2064 1317 2099 illis
1336 2065 1450 2099 laesos
1470 2065 1676 2109 agnoscant.
1711 2062 1875 2108 Denique
1894 2072 2091 2108 numquam
2110 2072 2218 2108 quac-

1177 2123 1268 2158 relas
1303 2122 1437 2158 ducunt
1470 2132 1585 2168 neque
1617 2121 1714 2156 enim
1747 2122 1903 2167 perfecte
1930 2123 2119 2157 contentus
2146 2123 2214 2166 est,

1177 2181 1238 2230 qui
1258 2181 1365 2218 habet
1385 2180 1510 2227 adhuc,
1532 2180 1576 2216 dc
1596 2190 1667 2227 quo
1687 2181 1936 2226 conqueratur.

1720 3339 1801 3376 lo*
