2361 3643
477 131 610 169 Lxm.
672 131 737 168 DE
766 129 1116 168 PHAENOMENIS
1146 129 1379 166 REALIBUS
1410 129 1471 166 ET
1502 128 1824 167 IMAGINARIIS.
2148 118 2234 165 44¹2

81 229 210 277 buerit,
230 227 381 264 alteram
401 236 508 274 quam
529 226 758 274 expresserit,
779 229 815 261 et
832 225 1066 273 posteriorem
1081 223 1127 260 ad
1156 240 1159 278 ς
1186 223 1336 271 510110111,
1364 223 1472 260 habet
1498 227 1618 260 tamen
1647 225 1882 272 positionem,
1912 233 2002 271 quae
2028 225 2081 259 est
2109 223 2235 260 sunda-

81 287 292 325 doctrinalia
320 287 415 322 facta
442 286 620 333 pertinere
640 289 756 333 putas,
778 285 823 320 de
842 285 972 331 quibus
996 283 1128 320 infalli-
1156 279 1158 320 !
1186 286 1348 318 mentum
1377 284 1607 329 extensionis,
1645 295 1727 319 cum
1753 283 1916 319 extensio
1943 284 1987 318 sit
2023 283 2235 319 simultanea

80 348 202 384 biliter
235 349 392 382 statuere
426 345 540 392 possit
570 345 747 389 Ecclesia,
785 343 917 379 videris
952 343 1039 378 mihi
1068 353 1128 388 ag·
1156 334 1158 364 ἶ
1185 342 1354 377 continua
1376 342 1564 389 positionis
1584 343 1765 390 repetitio,
1786 346 1825 378 ut
1840 342 1972 378 lineam
1994 343 2092 378 fluxu
2113 342 2236 389 puncti

80 416 239 451 noscere,
260 416 333 440 non
351 404 514 440 debuisse
530 403 665 450 aliquid
687 403 825 438 definiri
845 403 898 437 de
919 413 1052 438 sensu
1073 401 1126 437 ab
1156 447 1157 454 ἵ
1185 401 1259 436 fieri
1281 401 1450 448 dicimus,
1488 400 1660 447 quoniam
1695 402 1732 436 in
1761 402 1828 437 hoc
1857 401 1980 448 puncti
2008 401 2161 445 vestigio
2181 401 2234 436 di-

80 468 246 501 autore
284 465 490 510 intento,
512 463 608 509 quod
630 467 763 508 tamen,
795 462 833 496 ni
856 462 971 509 fallor,
994 472 1015 497 a
1035 461 1128 497 Pon·
1156 459 1159 508 1
1187 471 1309 495 versae
1330 460 1527 507 positiones
1546 460 1823 506 conjunguntur.
1861 461 1928 495 Sed
1949 461 2106 496 activum
2134 470 2235 507 repe-

78 523 232 559 tifieibus
248 523 392 558 tandem
409 523 542 558 factum
558 525 621 568 est,
642 531 782 567 parum,
803 524 843 555 ut
859 521 1027 566 arbitror,
1047 530 1129 555 con·
1157 510 1159 515 ⁴
1186 519 1324 565 titione,
1348 528 1408 553 seu
1429 518 1698 553 continuatione
1718 519 1768 554 rei
1790 530 1862 554 non
1883 519 2021 554 activae
2041 519 2140 554 nasci
2161 530 2236 555 non

78 583 169 618 sulte
188 586 224 617 et
240 593 304 628 per
324 580 593 617 sollicitantium
610 579 908 625 importunitates.
929 579 1038 615 Vides
1057 589 1128 626 quo
1186 581 1314 625 potest.
1359 577 1464 618 Quod
1487 581 1666 623 superest,
1696 577 1776 612 vale
1795 581 1831 612 et
1851 578 1940 613 save.
2001 578 2143 614 Dabam
2164 578 2236 614 Ha·

77 642 226 677 tandem
246 641 338 676 alios
358 639 544 675 coercendi
566 639 678 674 nimio
698 638 816 673 studio
836 638 1056 674 deveniatur.
1186 647 1340 673 noverae
1363 635 1428 671 21.
1449 635 1522 671 Juli
1548 635 1670 671 1707.

138 697 390 747 philosophica
398 699 627 733 meleteniata
644 708 715 732 non
733 697 850 732 minus
866 708 973 744 quam
995 696 1128 733 mathe-
1771 692 2024 730 Deditissimus

79 758 211 794 matica
231 758 329 804 vulgi
355 761 499 804 captum
527 759 708 803 superant,
740 755 800 791 sed
822 757 936 802 magis
957 758 1130 803 interpre-
1583 752 1736 788 Godef.
1769 753 1886 788 Guil.
1918 753 2196 791 LeibnitiUS.

79 817 275 853 tationibus
309 816 443 862 iniquis
479 815 637 851 obnoxia
673 818 766 849 sunt.
825 815 950 861 Itaque
987 815 1131 851 mallem
1246 812 1280 848 Si
1310 812 1347 847 in
1374 811 1560 848 memoriis
1587 811 1886 847 Trimltiensibus
1913 823 1987 847 non
2015 816 2154 848 extaret
2176 813 2240 849 illa

79 885 243 911 connexa
270 874 463 920 aliquando
487 874 577 920 dari,
608 884 715 919 quam
738 872 905 922 disjecta,
937 877 973 910 et
1000 874 1130 910 ictibus
1188 871 1328 918 relatio,
1356 881 1466 917 quam
1493 872 1648 906 refutare
1676 874 1819 906 coactus
1846 881 1944 917 sum,
1974 875 2092 917 posset
2121 872 2241 907 omitti

77 934 255 980 exposita,
277 933 364 968 dum
386 944 423 969 se
443 936 568 968 mutuo
589 944 661 968 non
682 936 838 968 tuentur.
1160 957 1162 992 Ε
1190 933 1370 979 postrema
1396 930 1563 978 periodus
1590 929 1627 965 in
1655 929 1783 965 scheda
1809 929 1966 974 adjecta:
2005 930 2101 975 quod
2137 930 2167 965 si
2203 930 2241 966 in

137 993 227 1028 Cum
246 992 327 1027 dico
348 992 597 1028 extensionem
619 1002 695 1026 esse
723 991 920 1026 resistentis
948 991 1133 1026 continua·
1160 993 1161 1031 j
1188 991 1234 1026 iis
1254 992 1366 1036 extat,
1387 989 1584 1037 reperietur
1603 999 1699 1024 anno
1721 985 1846 1025 1705.
1870 989 1906 1024 in
1934 988 2042 1022 finem
2062 991 2242 1035 vergente,

78 1050 228 1098 tionem,
256 1051 412 1098 quaeris,
442 1061 488 1086 an
516 1062 559 1086 ea
586 1050 810 1086 continuatio
839 1050 885 1085 sit
905 1050 1034 1085 modus
1055 1054 1132 1086 tan-
1160 1045 1161 1088 ]
1190 1049 1246 1084 vel
1266 1060 1363 1084 anno
1395 1049 1503 1084 1706
1533 1048 1742 1095 inchoante,
1773 1048 1829 1083 hic
1857 1047 2018 1083 nondum
2047 1047 2243 1083 noxissimo

80 1111 183 1145 tum?
214 1110 269 1145 lta
290 1114 431 1157 putem:
455 1109 564 1145 habet
585 1110 681 1145 enim
703 1120 741 1144 se
762 1109 807 1144 ad
828 1121 885 1144 res
906 1110 1132 1145 continuatas
1160 1105 1163 1115 '
1190 1108 1378 1144 habentur.

79 1179 142 1204 seu
169 1169 356 1215 repetitas,
384 1172 423 1204 ut
451 1179 620 1204 numerus
645 1169 690 1204 ad
720 1180 773 1204 res
795 1172 1019 1204 numeratas:
1050 1168 1132 1204 sub-
1162 1178 1163 1184 ¹
1249 1167 1465 1211 Adjunctam
1495 1166 1672 1202 minorem
1703 1165 1875 1201 Schedam
1902 1165 2099 1201 admodum
2130 1165 2243 1202 Reve-

80 1228 213 1263 stantia
233 1238 361 1275 nempe
381 1228 546 1276 simplex,
568 1227 635 1263 etsi
654 1238 725 1263 non
749 1228 878 1263 habeat
900 1228 989 1263 inse
1011 1231 1134 1263 exten·
1161 1207 1165 1262 l
1192 1226 1314 1263 rendis
1339 1225 1508 1263 Patribus
1528 1225 1851 1272 Antucrpiensibus
1873 1224 1966 1260 mitti
1988 1227 2083 1272 peto.

1057 1572 1272 1631 LXIII.

639 1691 749 1749 DE
793 1690 1040 1750 MODO
1087 1690 1690 1749 DISTINGUENDI

120 1816 849 1895 PHAENOMENA
910 1816 1295 1894 REALIA
1356 1817 1489 1894 AB
1551 1815 2219 1894 IMAGINARIIS.

468 2041 520 2083 (Ε.
546 2048 636 2075 MSS.
667 2045 957 2075 Leibnitianis
983 2046 1015 2075 in
1040 2046 1244 2075 Bibliotheca
1268 2044 1373 2080 Regia
1397 2046 1620 2074 Hanoverana
1647 2042 1864 2078 asservatis.)

140 2220 229 2257 Ens
249 2224 314 2267 est,
336 2220 440 2265 cujus
459 2223 648 2266 conceptus
668 2219 804 2265 aliquid
820 2220 967 2267 positivi
989 2219 1142 2255 involvit
1168 2220 1170 2228 ’
1199 2219 1334 2255 tinetur
1370 2218 1406 2254 in
1426 2218 1491 2254 1100
1511 2229 1596 2265 11110,
1635 2217 1729 2265 quod
1766 2222 1903 2254 certum
1939 2221 2005 2266 est,
2043 2221 2250 2254 centaurum

83 2281 160 2316 sive
187 2280 284 2326 quod
311 2291 332 2316 a
353 2279 459 2315 nobis
486 2279 626 2325 concipi
655 2282 794 2324 potest,
833 2280 942 2314 modo
978 2279 1016 2314 id
1045 2278 1140 2325 quod
1200 2278 1289 2313 mihi
1310 2288 1494 2324 apparere.

82 2339 305 2386 concipimus
332 2339 378 2373 sit
408 2337 580 2385 possibile
610 2348 674 2372 nec
702 2337 863 2372 involvat
890 2337 1142 2373 contradictio—
1256 2337 1452 2372 Videamus
1463 2336 1554 2383 jam,
1571 2336 1702 2382 quibus
1718 2335 1858 2371 indiciis
1872 2346 2141 2382 cognoscamus,
2159 2346 2251 2381 quae

84 2410 178 2445 nem,
216 2398 312 2444 quod
343 2397 590 2444 cognoscimus
613 2399 701 2442 tum,
734 2396 764 2431 si
788 2401 981 2444 conceptus
1001 2397 1047 2431 sit
1062 2408 1141 2443 per·
1198 2396 1446 2443 phaenomena
1469 2396 1539 2431 51111
1560 2395 1680 2430 realia.
1720 2395 1760 2430 Id
1781 2406 1865 2440 crgo
1881 2394 2086 2438 judicamus
2106 2398 2184 2429 tum
2205 2405 2251 2429 ex

86 2459 180 2493 secte
214 2457 427 2504 explicatus,
463 2455 625 2502 nihilque
660 2455 825 2491 involvat
863 2456 1023 2501 confusi,
1064 2460 1142 2491 tum
1199 2457 1278 2503 ipso
1308 2455 1555 2502 phaenomeno
1581 2458 1658 2489 tum
1679 2465 1726 2489 ex
1754 2454 2049 2489 antecedentibus
2070 2456 2106 2489 et
2126 2464 2249 2489 conse-

83 2515 301 2561 eompendio
330 2516 361 2549 si
388 2526 446 2549 res
473 2518 554 2549 actu
575 2514 748 2560 extiterit,
772 2515 869 2560 quod
890 2516 989 2550 enim
1017 2515 1142 2550 existit
1200 2515 1392 2561 quentibns
1430 2514 1697 2561 phaenomenis.
1760 2513 1816 2548 Ex
1842 2514 1922 2559 ipso
1944 2514 2192 2560 phaenomeno
2220 2512 2249 2546 si

85 2573 210 2619 utique
230 2576 286 2608 est
306 2573 379 2607 Ens
399 2584 461 2608 seu
482 2573 664 2618 possibile.
694 2573 1005 2614 Quemadmodum
1021 2577 1142 2609 autem
1200 2574 1246 2608 sit
1267 2574 1441 2620 vividum,
1474 2573 1501 2608 si
1533 2572 1734 2619 multiplex,
1765 2573 1796 2607 si
1824 2583 2033 2618 congruum.
2079 2572 2249 2606 Vividum

87 2632 162 2668 Ens
183 2631 384 2678 explicatur
412 2642 474 2677 per
500 2630 708 2666 distinctum
728 2636 953 2678 conceptum,
983 2633 1035 2667 ita
1054 2632 1143 2667 Exi·
1199 2633 1267 2668 erit
1288 2632 1317 2667 si
1338 2632 1527 2679 qualitates
1556 2634 1595 2666 ut
1624 2632 1699 2677 luX,
1729 2631 1841 2678 color,
1870 2634 2067 2678 appareant
2093 2631 2178 2665 satis
2199 2630 2251 2664 in-

88 2694 185 2726 stens
207 2701 271 2737 per
297 2689 505 2724 distinctam
525 2690 806 2736 perceptionem,
836 2691 932 2736 quod
953 2695 992 2726 ut
1012 2692 1141 2726 melius
1199 2695 1330 2738 tensae,
1353 2691 1545 2737 multiplex
1567 2690 1633 2725 erit
1655 2690 1686 2724 si
1706 2694 1787 2726 sunt
1810 2691 1920 2737 vax-ia,
1960 2690 2154 2736 multisque
2175 2693 2250 2724 ten-

86 2750 330 2794 intelligamus
351 2749 544 2783 videndum
565 2751 631 2795 051,
661 2748 790 2793 quibus
811 2749 928 2784 modis
949 2750 1143 2785 existentia
1199 2750 1413 2796 taminibuS,
1444 2761 1484 2784 ac
1504 2749 1607 2784 novis
1628 2749 1941 2785 observationibus
1961 2753 2062 2797 apta,
2092 2746 2249 2791 exempli

88 2808 273 2856 probetur.
321 2807 366 2842 Et
395 2807 551 2854 primum
580 2807 655 2841 sine
676 2807 892 2852 probatione
911 2819 958 2842 ex
987 2808 1142 2854 simplici
1198 2820 1306 2844 causa
1341 2809 1370 2843 si
1405 2808 1636 2855 experiamur
1669 2809 1707 2843 in
1734 2809 1983 2856 phaenomeno
2010 2819 2080 2843 non
2110 2809 2248 2841 tantum

88 2868 317 2914 perceptione
338 2866 413 2901 sive
428 2865 651 2912 experientia
668 2865 821 2900 existere
832 2865 966 2912 judico,
989 2877 1143 2912 quorum
1199 2868 1337 2903 colores
1365 2867 1427 2902 sed
1455 2871 1490 2902 et
1513 2878 1634 2914 sonos,
1663 2867 1801 2914 odores,
1824 2879 1981 2916 sapores,
2004 2866 2140 2901 tac-tiles
2162 2874 2247 2908 qua-

90 2926 186 2961 intra
206 2937 263 2961 me
283 2925 445 2961 conscius
462 2936 552 2972 sum,
574 2924 641 2959 hoe
662 2928 715 2959 est
736 2924 854 2970 primo
876 2935 942 2959 me
963 2925 1063 2960 varia
1084 2937 1142 2960 00-
1201 2927 1318 2961 litates
1340 2936 1452 2972 eaque
1475 2929 1553 2960 tum
1574 2926 1611 2961 in
1632 2929 1722 2974 toto,
1751 2930 1829 2963 tum
1849 2928 1887 2962 in
1909 2927 2016 2962 variis
2039 2924 2114 2967 ejus
2138 2921 2245 2968 parti-

90 2984 276 3032 gitantem,
313 2984 442 3019 deinde
476 2984 555 3031 ipsa
583 2984 684 3018 varia
718 2982 1034 3028 phaenomena
1069 2985 1144 3018 sive
1202 2986 1268 3019 bus
1297 2995 1386 3031 quos
1421 2996 1544 3020 rursus
1579 2986 1690 3021 variis
1722 2988 1836 3022 causis
1864 2990 2017 3022 tractare
2046 2990 2244 3028 possumus

90 3044 351 3091 apparitiones,
388 3054 479 3090 quae
514 3043 552 3078 in
577 3045 697 3077 mente
719 3052 800 3077 mea
819 3042 988 3077 existunt.
1049 3042 1146 3078 Haec
1203 3045 1302 3085 Quae
1332 3044 1478 3090 quidem
1506 3044 1614 3088 longa
1658 3045 1974 3089 observationum,
2011 3040 2170 3076 maxime
2198 3048 2244 3072 CX

92 3101 744 3149 enimduo,cumimmediateamente
759 3101 1146 3147 percipiantur,nullius
1202 3102 1381 3138 destinato
1403 3106 1437 3138 et
1457 3114 1538 3139 cum
1555 3103 1692 3140 delectu
1712 3105 1969 3147 institutarum,
1989 3102 2113 3134 0310113
2133 3107 2246 3142 neque

91 3159 239 3195 alterius
259 3161 464 3196 interventu
478 3160 707 3207 comprobari
724 3164 883 3207 possunt,
901 3163 935 3194 et
945 3170 1056 3205 aeque
1071 3171 1144 3195 cer-
1173 3153 1175 3189 j
1203 3161 1241 3195 in
1262 3162 1411 3197 somniis
1433 3173 1545 3209 neque
1566 3163 1601 3199 in
1622 3163 1694 3198 illis
1709 3164 1933 3209 imaginibus,
1961 3169 2048 3204 quas
2071 3155 2246 3191 memoria

91 3222 170 3254 tum
204 3221 271 3262 est,
307 3220 465 3255 existere
499 3220 537 3255 in
565 3223 686 3254 mente
714 3230 795 3254 mea
822 3219 977 3265 speciem
1012 3219 1144 3254 montis
1203 3223 1265 3255 aut
1281 3221 1470 3267 phantasia
1486 3222 1622 3269 objicit,
1637 3215 2243 3265 occu1·ro1·osol‹1›t‚inquibusimago

91 3278 192 3312 aurei
213 3280 275 3312 aut
294 3279 465 3326 centauri,
497 3289 578 3314 cum
606 3278 677 3313 ista
698 3278 851 3323 somnio,
880 3288 987 3324 quam
1007 3282 1144 3313 eertum
1172 3241 1176 3301 l
1201 3279 1410 3326 plerumque
1436 3281 1550 3316 tenuis
1570 3285 1623 3317 est
1643 3285 1748 3327 atquc
1774 3280 1866 3315 inter
1886 3274 2108 3312 tractandum
2127 3273 2246 3320 dispa-

92 3339 158 3383 est,
180 3336 336 3372 existere
356 3346 425 3383 me,
454 3338 515 3383 qui
536 3338 699 3385 somnio,
729 3341 921 3383 utrumque
942 3336 1038 3372 enim
1059 3347 1142 3372 con-
1171 3306 1175 3358 J
1200 3341 1265 3374 ret.
1295 3339 1500 3384 Congruum
1519 3341 1589 3376 erit
1608 3341 1891 3388 phaenomenon,
1919 3345 2001 3371 cum
2021 3344 2066 3369 ex
2087 3332 2247 3380 pluribus
