2361 3643
888 119 1411 165 PRAEFATIO.
2097 132 2236 174 XXXI

64 218 266 256 autumet.
344 211 482 255 Tenet
519 225 596 256 nos
637 225 732 270 spes
770 209 884 254 brevi
923 210 1059 269 ipsum
1100 224 1208 268 quae
1240 210 1292 254 ad
1331 212 1543 256 historiam
1592 215 1762 259 iconum
1801 214 1991 261 Leibnitii
2036 229 2235 279 spectent,

64 288 359 347 evulgaturum
392 304 496 342 csse,
527 303 625 332 cum
658 302 766 345 quae
797 287 848 330 de
878 286 956 329 hac
986 301 1031 329 re
1063 286 1175 344 apud
1206 287 1466 332 Biihmerum
1498 289 1702 350 (Magazin
1733 294 1797 337 fiir
1826 293 2128 341 Kirchcnrccht
2159 306 2234 343 ctc.

66 365 140 409 Bd
172 366 199 408 Ι.
232 366 291 407 St.
355 366 437 407 S.
470 364 552 406 315
539 365 731 418 1-Ὣ1.)
764 377 969 422 congessa
997 363 1089 415 sint,
1119 363 1289 405 minime
1318 367 1577 408 satisfaciant.

181 442 218 484 Γ
222 441 311 484 ltuh
324 369 605 500 Qsingulaium
637 439 905 496 scriptionum
936 438 1181 482 Dutensiani
1212 445 1328 492 sunt,
1367 442 1401 482 si
1437 443 1477 484 in
1504 442 1699 487 Dutensii
1730 445 1909 490 editione
1941 453 2236 494 commentatio

63 516 224 575 legitur,
255 516 499 561 Leibnitiani
530 516 563 557 si
592 516 634 557 in
666 514 926 573 autographo
956 516 1045 573 ipse
1075 514 1242 558 titulum
1273 519 1608 575 praescripserat,
1640 523 1723 564 mei
1754 524 1794 565 in
1824 525 1871 566 iis
1904 540 2010 582 quae
2042 541 2094 569 ex
2115 534 2234 570 auto-

63 593 230 653 graphis
259 594 522 651 inscriptione
554 590 788 635 carentibus
821 592 1030 650 exscripsi.
1077 591 1249 635 Praeter
1280 591 1445 636 titulum
1477 595 1629 652 cuique
1660 601 1998 643 commentationi
2018 602 2238 662 inscriptus

64 677 129 713 est
160 685 312 722 annttS,
345 684 427 727 quo
459 674 530 710 aut
560 669 748 712 confecta
780 673 860 719 est,
892 673 963 709 aut
994 668 1182 712 confecta
1214 683 1306 711 esse
1337 668 1437 711 mihi
1466 669 1694 714 videbatur.
1760 673 1955 733 Denique
1992 679 2239 738 praescripsi

63 747 216 805 cuique
251 744 387 788 libello
427 744 597 788 ubinam
638 744 819 802 primum
851 742 986 786 editus
1016 744 1087 797 sit,
1126 750 1167 788 et
1196 745 1245 787 iis
1278 759 1385 804 quae
1414 745 1456 788 in
1488 744 1684 792 Dutensii
1713 748 1890 793 editione
1921 758 2084 796 exstant
2113 756 2238 800 etiam

62 821 143 866 loci
174 836 300 880 quem
328 821 384 864 ibi
413 826 554 864 tenent
583 821 839 864 notationem
870 819 1010 878 adjeci.

181 899 403 943 Postremo
443 898 704 941 confessione
742 895 1014 956 comprobare
1055 902 1237 957 oportet,
1284 898 1398 958 quod
1433 898 1633 944 lectorem
1671 901 1749 945 etsi
1787 899 1941 945 vellem
1980 904 2114 949 celare
2153 922 2238 953 non

62 989 241 1028 possem.
316 973 426 1018 Dico
468 989 656 1018 errorum
695 972 1090 1033 typographicorum
1130 990 1366 1019 numerum.
1435 975 1549 1019 Cum
1586 992 1672 1020 non
1710 993 1761 1021 eo
1803 977 1998 1038 degerem
2028 979 2122 1024 loco
2154 998 2237 1041 quo

61 1050 168 1097 haec
208 1051 332 1096 editio
371 1052 481 1110 typis
519 1050 816 1103 excuderetur,
859 1052 948 1109 ipse
986 1052 1110 1095 unius
1149 1053 1312 1096 tantum
1348 1050 1613 1110 plagularum
1632 1054 1882 1108 *revisioniffi
1931 1072 2058 1115 quam
2087 1072 2240 1103 vocare

62 1127 220 1182 solent,
266 1129 431 1186 copiam
461 1126 607 1179 habui,
649 1127 759 1171 unde
791 1127 877 1170 fieri
908 1142 992 1170 non
1022 1128 1158 1185 potuit
1188 1129 1289 1186 quin
1318 1128 1527 1172 interdum
1558 1129 1710 1174 menda
1740 1138 1994 1186 remaneret,
2033 1149 2140 1193 quae
2171 1150 2238 1179 re—

62 1206 221 1249 visione
252 1202 380 1247 altera
410 1203 572 1247 detecta
604 1205 718 1246 foret.
767 1203 892 1257 Quod
923 1210 1064 1246 tamen
1096 1205 1264 1247 minoris
1296 1206 1499 1248 momenti
1530 1212 1593 1248 est
1624 1222 1752 1264 quam
1785 1224 1893 1266 quae
1914 1224 2026 1252 nunc
2047 1211 2239 1255 monebo.

62 1281 347 1324 Decreveram
378 1286 426 1322 ut
455 1280 497 1322 in
529 1279 781 1322 excudendis
811 1280 859 1334 iis
882 1294 989 1337 quae
1011 1278 1156 1337 gallice
1179 1282 1413 1340 conscripta
1435 1288 1531 1325 sunt
1552 1282 1870 1342 orthographiae
1892 1284 2115 1330 hodiernae
2136 1304 2241 1332 usus

61 1358 350 1408 induceretur,
396 1355 457 1409 (id
498 1354 612 1413 quod
643 1361 738 1397 ante
769 1370 838 1397 me
870 1357 953 1412 jam
983 1356 1016 1398 F
1021 1355 1171 1398 ederus
1202 1363 1422 1400 curaverat
1451 1359 1494 1401 in
1526 1359 1695 1402 edendis
1725 1358 2015 1417 Leibnitianis)
2059 1362 2240 1422 ideoque

60 1433 129 1476 vel
165 1434 207 1477 in
247 1433 305 1476 eis
342 1429 520 1490 plagulis
559 1446 667 1489 quae
698 1438 916 1489 tamquam
946 1429 1201 1489 exemplaria
1231 1432 1471 1491 typothetae
1501 1442 1854 1493 proponerentur,
1891 1436 1959 1480 vel
1988 1439 2030 1481 in
2062 1436 2241 1498 plagulis

61 1509 245 1562 excusis,
283 1523 334 1552 ea
375 1523 485 1566 quae
522 1522 649 1549 usum
687 1508 949 1565 antiquatum
990 1514 1264 1565 sequerentur
1302 1510 1471 1551 mutavi.
1544 1510 1684 1564 Quare
1724 1528 1855 1570 quum
1887 1520 1982 1556 ante
2013 1529 2169 1558 annum
2201 1522 2240 1559 et

60 1585 276 1629 dimidium
306 1585 484 1644 patriam
514 1598 653 1626 meam
674 1581 894 1626 Livoniam
924 1584 1162 1626 visitaturus
1185 1591 1226 1627 et
1246 1600 1321 1643 per
1340 1591 1424 1627 tres
1451 1600 1618 1629 menses
1641 1586 1857 1631 abfuturus
1879 1604 2026 1641 essem,
2058 1592 2240 1647 primum

61 1662 227 1706 decrevi
255 1668 303 1704 ut
333 1674 407 1721 per
437 1660 518 1704 hoc
549 1666 715 1718 tempus
747 1667 959 1703 cessarent
982 1660 1251 1720 typographi3
1271 1660 1357 1704 sed
1378 1676 1476 1704 cum
1498 1661 1733 1721 bibliopola,
1767 1665 1836 1723 qui
1859 1672 2031 1724 optaret,
2063 1681 2116 1709 ne
2139 1666 2241 1711 dum

61 1737 252 1782 abessem
281 1736 399 1795 prela
427 1737 681 1789 feriarentur,
713 1735 814 1780 mihi
845 1736 1150 1791 confirmasset,
1182 1737 1259 1781 sibi
1292 1737 1460 1782 Gallum
1492 1739 1703 1799 quendam
1735 1748 1901 1800 praesto
1934 1757 2027 1785 esse
2059 1745 2126 1786 cui
2148 1758 2240 1787 cor-

61 1814 220 1874 rigendi
249 1815 466 1873 negotium
499 1814 789 1867 committeret,
821 1813 884 1857 his
916 1814 1097 1858 confisus
1128 1830 1212 1859 non
1235 1815 1414 1874 amplius
1436 1831 1530 1859 sum
1552 1816 1791 1860 reluctatus.
1843 1817 1967 1873 Quod
1987 1834 2099 1863 nunc
2122 1819 2241 1863 doleo

60 1907 131 1935 me
161 1885 319 1934 fecisse.
380 1889 494 1933 Nam
525 1890 658 1933 redux
687 1891 820 1933 factus
852 1907 936 1935 non
968 1891 1106 1935 solum
1138 1908 1236 1936 eum
1268 1894 1542 1936 commissum
1572 1894 1712 1937 inveni
1745 1910 1928 1938 errorem
1960 1912 2086 1954 quem
2116 1912 2241 1956 supra

59 1967 238 2012 indicavi
277 1967 329 2010 ad
369 1973 441 2010 art.
473 1965 566 2010 XL.
599 1966 635 2009 b.
647 2000 657 2019 ,
697 1966 791 2020 sed,
830 1968 945 2027 quod
984 1984 1084 2012 sane
1123 1969 1257 2027 magis
1297 1967 1543 2022 dolendum,
1580 1970 1622 2013 in
1656 1970 1891 2029 quindecim
1923 1971 2102 2031 plagulis
2135 1988 2242 2031 quae

60 2046 215 2089 interea
253 2045 361 2102 typis
401 2059 582 2086 excusae
624 2050 761 2097 erant,
801 2050 888 2086 tam
926 2044 1082 2087 multas
1120 2044 1294 2088 mendas
1334 2047 1532 2111 conspexi
1570 2053 1616 2089 ut
1653 2045 1775 2089 hodie
1814 2049 1939 2090 ctiam
1976 2064 2044 2092 me
2075 2049 2243 2106 pudeat

60 2121 106 2166 ld
135 2138 188 2166 ne
218 2123 370 2164 iterum
402 2121 597 2172 evenir,et
631 2119 731 2162 dum
765 2119 876 2163 aliud
906 2123 984 2164 iter
1014 2123 1207 2173 sacer,em
1239 2121 1400 2163 amicus
1432 2122 1683 2180 carissimUS,
1715 2122 1878 2182 collega
1898 2122 2245 2168 honoratissimus

60 2197 309 2249 Blancus,
348 2195 549 2245 ecclesiae
581 2195 827 2239 cathedralis
860 2196 1076 2250 SacerdOS,
1121 2199 1213 2256 ingr
1216 2203 1332 2240 atum
1362 2196 1547 2241 laborem
1579 2198 1770 2258 plagulas
1800 2199 2011 2243 revidendi
2043 2207 2244 2244 consueta

59 2275 317 2320 humanitate
357 2273 399 2316 in
437 2289 482 2315 se
519 2273 695 2330 recepit,
743 2288 927 2331 eumque
958 2280 1072 2316 tanta
1101 2275 1296 2317 sustinuit
1327 2272 1537 2332 diligentia
1567 2280 1613 2317 ut
1644 2290 1695 2318 ea
1726 2291 1853 2333 quam
1881 2277 1972 2335 ipse
2002 2278 2244 2336 recognovit

60 2351 184 2411 hujus
214 2351 404 2394 editionis
434 2365 549 2409 pars,
582 2355 668 2392 tam
700 2349 920 2392 emendate
951 2364 1106 2394 excusa
1138 2352 1190 2392 sit
1220 2365 1349 2408 quam
1379 2351 1452 2392 vix
1482 2349 1569 2394 fieri
1600 2350 1707 2395 solet
1736 2353 1778 2394 in
1810 2351 1968 2411 gallicis
1995 2352 2108 2396 libris
2130 2352 2242 2412 apud

59 2435 265 2473 nostrates
297 2427 514 2486 expressis.
586 2425 789 2469 Confessa
819 2426 924 2470 haec
954 2425 1069 2469 volui
1099 2442 1153 2470 ne
1184 2427 1307 2470 amici
1335 2425 1541 2470 honorem
1572 2426 1674 2470 mihi
1705 2441 1899 2487 arrogare
1929 2429 2091 2483 videar,
2136 2443 2243 2474 neve

61 2505 99 2548 ei
129 2503 306 2547 mendae
336 2505 608 2561 imputentur,
639 2518 820 2561 quarum
851 2504 956 2546 ratio
989 2519 1013 2545 a
1044 2518 1114 2546 me
1145 2501 1235 2546 solo
1269 2510 1333 2546 est
1362 2503 1634 2562 reposcenda.

151 2579 343 2634 Quarum
383 2595 454 2623 eas
495 2595 603 2638 quae
642 2581 781 2638 ipsum
820 2594 992 2622 sensum
1033 2585 1275 2639 pervertunt
1305 2585 1353 2623 ut
1383 2587 1478 2623 ante
1508 2579 1735 2638 legendum
1765 2580 2024 2639 corrigantur
2053 2578 2241 2631 indicavi,

60 2663 260 2707 caeteras,
288 2655 475 2712 inprimis
507 2670 576 2698 eas
609 2670 717 2713 quae
748 2657 858 2698 circa
888 2662 1141 2700 accentuum
1173 2656 1292 2714 signa
1333 2662 1374 2698 et
1413 2655 1751 2714 orthographiam
1791 2655 1984 2714 gallicam
2024 2662 2240 2699 versantur

60 2733 251 2791 ignoscas
299 2746 456 2789 quaeso
501 2730 706 2774 benevole
751 2730 893 2775 lector.
969 2731 1166 2790 Denique
1205 2730 1286 2774 hoc
1325 2730 1399 2773 abs
1438 2737 1479 2774 te
1517 2738 1615 2790 peto
1628 2764 1640 2783 ‚
1686 2739 1734 2774 ut
1774 2733 1808 2774 si
1848 2732 1917 2775 tibi
1955 2748 2039 2777 11011
2079 2731 2239 2791 placeat

62 2807 266 2851 oblivione
299 2806 436 2851 delere
468 2806 591 2865 hujus
623 2807 811 2850 editionis
843 2806 1028 2860 mendas,
1060 2814 1201 2849 tamen
1231 2805 1377 2848 saltem
1400 2808 1534 2866 magis
1557 2805 1655 2865 quid
1675 2807 1950 2867 praestiterim
1983 2821 2108 2866 quam
2140 2803 2236 2863 quid

61 2883 300 2943 reliquerim
329 2881 628 2943 praestandum
659 2883 867 2941 respicias
904 2882 1027 2939 ,Vale
1058 2881 1245 2940 mihique
1274 2883 1318 2926 in
1347 2887 1567 2942 posterum
1597 2884 1702 2928 fave.

177 3010 308 3058 Scrib.
337 3010 471 3059 Halae
503 3011 722 3057 Saxonum
751 3009 862 3056 Non.
893 3010 992 3071 Apr.
1022 3008 1322 3057 MDCCCXL.

1070 3220 1382 3300 'IOANNES
1419 3247 1778 3298 EDUARDUS
1815 3243 2164 3292 ERDMANN.
