2361 3643
1083 186 1186 242 LI.

800 302 1489 361 EPISTOLA

443 430 585 507 DE
648 429 1015 506 REBUS·
1051 429 1833 509 PHILOSOPHICIS

744 576 826 611 AD
872 575 1054 613 FRED.
1100 575 1536 612 HOFFMANUM.

63 1041 318 1083 (nortmanni
338 1039 711 1079 opp.Genevae.1740.
736 1044 996 1078 Supple111.'rom
1014 1044 1043 1072 1.
1070 1051 1100 1078 p.
1114 1042 1172 1072 49.
1197 1056 1243 1062 —
1268 1044 1405 1073 Leibn.
1431 1044 1512 1079 opp.
1536 1044 1585 1071 ed.
1611 1044 1770 1072 nutens
1796 1043 1885 1071 Tom.
1907 1043 1947 1072 ΙΙ.
1973 1045 2009 1073 P.
2026 1046 2055 1074 1.
2082 1052 2111 1080 p.
2127 1045 2221 1080 260)

118 1240 355 1277 Doctissimae
388 1243 424 1276 61
446 1239 574 1285 judicii
597 1250 670 1275 non
690 1240 831 1287 minus,
864 1251 972 1287 quam
999 1252 1106 1288 expe-

59 1301 210 1336 rientiae
231 1302 313 1334 tuae
328 1310 403 1334 non
418 1299 573 1344 vulgaris
589 1302 707 1345 testes,
730 1299 1008 1335 Dissertationes
1025 1304 1107 1335 tuae

60 1360 174 1395 adhuc
208 1357 435 1404 pretiosiores
471 1359 506 1391 et
535 1357 659 1391 addita
687 1357 734 1392 ad
761 1368 819 1392 me
846 1358 1107 1393 humanissima

60 1417 212 1464 epistola
240 1418 414 1462 fecerunt,
450 1418 490 1450 ut
516 1418 667 1462 utroque
694 1416 842 1450 nomine
869 1417 1002 1462 gratias
1040 1417 1106 1452 tibi

60 1487 167 1523 agam
195 1475 433 1520 debeamque,
470 1474 601 1509 vellem
631 1477 667 1509 et
688 1476 818 1509 referre
841 1486 955 1521 posse.
1015 1475 1108 1510 Mihi

59 1535 193 1571 xideris
217 1534 261 1570 de
281 1533 522 1569 mechanismo
544 1536 693 1568 naturae
712 1533 875 1576 judicare
898 1534 1106 1580 rectissime,

60 1597 97 1629 et
131 1604 212 1629 mea
246 1603 386 1639 quoque
413 1603 554 1638 semper
588 1593 655 1627 fuit
681 1593 877 1639 sententia,
918 1594 1041 1628 omnia
1069 1593 1108 1628 in

60 1652 269 1699 corporibus
289 1652 365 1687 fieri
380 1651 592 1697 mechanice,
615 1651 681 1687 etsi
697 1662 771 1686 non
787 1662 926 1698 semper
942 1652 1109 1687 distincte

60 1711 239 1757 explicare
258 1711 436 1757 possimus
451 1711 609 1756 singulos
624 1711 902 1746 mechanismos:
925 1711 1002 1758 ipsa
1022 1723 1108 1747 vero

62 1769 237 1816 principia
258 1769 489 1805 mechanismi
510 1769 690 1815 generalia
704 1780 750 1804 ex
766 1769 894 1805 altiore
910 1772 1009 1805 fonte
1024 1781 1108 1816 pro-

63 1829 183 1874 fluere,
206 1828 302 1873 quod
323 1828 390 1863 tibi
406 1838 558 1874 quoque,
580 1827 617 1862 ni
634 1828 749 1874 fallor,
772 1829 956 1875 probatur.
988 1830 1108 1870 Quan-

65 1890 142 1921 tum
170 1886 279 1921 etiam
308 1887 411 1933 capio
441 1887 484 1922 de
512 1887 755 1922 controversia
775 1887 869 1924 inter
897 1889 967 1923 Dn.
989 1889 1107 1923 Stur-

62 1946 199 1981 mium
226 1948 260 1981 et
282 1956 339 1980 me
367 1946 563 1981 rectissime
579 1945 738 1992 judicas,
767 1949 803 1981 et
824 1947 1107 1982 substantialita—

63 2007 137 2040 tem
157 2015 294 2039 massae
310 2016 502 2051 corporeae
518 2004 653 2051 optime
669 2005 821 2040 collocas
837 2006 875 2040 in
891 2006 927 2040 vi
944 2008 1106 2051 extensa,

62 2064 129 2099 hoc
150 2066 214 2109 est,
238 2068 275 2097 ut
298 2063 533 2109 interpretor,
556 2075 620 2109 per
642 2064 760 2098 locum
781 2064 923 2111 diffusa,
946 2075 1007 2098 seu
1028 2075 1108 2111 par·
1141 2086 1143 2092 ι

63 2122 165 2158 tibili
227 2122 361 2157 Tecum
381 2122 491 2157 etiam
512 2122 639 2168 sentio,
668 2122 705 2157 id
725 2123 821 2168 quod
842 2123 1023 2170 passivum
1044 2125 1108 2169 est,

62 2192 247 2227 nunquam
283 2181 400 2216 solum
435 2181 600 2228 reperiri,
638 2184 700 2216 aut
735 2193 798 2228 per
832 2193 869 2217 se
904 2182 1108 2217 subsistere.

62 2358 206 2393 ademta
235 2358 340 2394 rebus
369 2358 406 2392 vi
433 2358 582 2405 agendi,
614 2369 688 2392 non
722 2369 826 2404 posse
855 2370 914 2393 eas
945 2370 966 2393 a
987 2359 1110 2394 divina

63 2416 263 2452 substantia
297 2417 488 2463 distingui,
534 2416 713 2463 incidique
752 2416 791 2451 in
833 2417 1109 2463 Spinosismum.

65 2474 233 2510 Vicissim
260 2476 395 2510 nullam
424 2475 502 2511 dari
528 2478 728 2511 creaturam
749 2486 845 2511 mere
864 2477 1038 2524 activam,
1067 2488 1111 2512 eo

63 2533 174 2568 etiam
202 2536 319 2568 tecum
345 2534 498 2581 inclino,
530 2537 571 2569 ut
599 2545 673 2569 non
693 2536 852 2570 humano
874 2538 1016 2570 tantum
1035 2546 1109 2571 601·

63 2592 160 2638 pori,
194 2591 255 2626 sed
282 2594 319 2626 et
337 2592 418 2625 aliis
438 2592 647 2638 corporibus
667 2593 844 2639 organicis
864 2594 1025 2628 animam
1045 2594 1112 2629 im-

64 2767 152 2802 113111
178 2768 423 2814 inextensam,
453 2778 516 2802 seu
543 2767 742 2813 simplicem
770 2771 867 2803 ortus
888 2771 923 2803 et
942 2768 1110 2804 interitus

64 2826 203 2872 physici
232 2829 417 2872 expertem
437 2837 532 2872 esse,
562 2836 629 2860 nec
657 2826 729 2860 nisi
748 2826 928 2861 creatione
949 2827 1034 2862 oriri
1055 2829 1111 2862 vel

64 2885 324 2920 annihilatione
352 2885 485 2920 destrui
506 2895 620 2931 posse.
681 2884 755 2920 Nec
782 2884 915 2920 mirum
943 2885 1111 2931 cuiquam

65 2943 178 2978 videri
209 2944 336 2989 debet,
371 2944 561 2979 animabus
590 2943 613 2979 i.
643 2956 673 2978 e.
702 2943 795 2978 veris
825 2943 956 2978 atomis
986 2943 1108 2990 tribui,

65 3003 161 3047 quod
190 3002 420 3038 Democritici
449 3003 521 3037 suis
548 3002 679 3037 atomis
707 3002 954 3037 materialibus
982 3002 1113 3037 adscri-

66 3060 170 3096 bunt.
230 3062 325 3102 Quin
353 3061 546 3097 verisimile
573 3061 749 3108 arbitror,
779 3071 854 3095 non
874 3063 1016 3095 tantum
1037 3061 1114 3095 ani-

67 3129 182 3164 mam,
219 3119 282 3154 sed
316 3122 352 3155 61
380 3120 515 3155 animal
541 3120 707 3156 interitus
735 3130 882 3166 experS,
922 3130 987 3154 nec
1016 3119 1114 3154 aliud

66 3189 142 3213 esse
177 3180 348 3224 mortem,
391 3189 500 3225 quam
541 3178 805 3214 involutionem
848 3177 1113 3224 diminutivam,

66 3237 371 3282 quemadmodum
391 3237 659 3284 generationem
679 3249 755 3273 esse
769 3237 1015 3272 evolutionem
1030 3247 1115 3283 aug-

63 3295 311 3343 mentativam,
329 3294 409 3339 jam
429 3296 551 3332 multis
570 3296 657 3332 viris
678 3296 792 3332 doctis
815 3296 940 3344 placet.
981 3295 1115 3337 Quam-

1147 3032 1148 3038 ,
1180 3004 1288 3036 retur.

1176 1250 1285 1286 quam
1306 1239 1350 1275 de
1371 1239 1558 1286 spiritibus
1579 1239 1654 1275 sive
1675 1239 1857 1275 mentibus
1878 1239 1967 1275 nihil
1988 1241 2043 1276 hie
2066 1253 2225 1288 pronun-

1174 1300 1268 1333 ciare
1288 1298 1422 1343 ausim,
1454 1298 1626 1344 quoniam
1647 1298 1785 1344 legibus
1806 1298 2077 1335 sublimioribus
2097 1313 2226 1347 regun-

1175 1361 1251 1403 tur,
1281 1360 1317 1392 et
1343 1368 1424 1392 cum
1454 1357 1532 1392 Deo
1559 1357 1767 1392 societatem
1787 1358 1968 1403 quandam
1989 1360 2224 1406 constituunt,

1176 1416 1214 1451 in
1243 1426 1313 1461 qua
1335 1426 1475 1462 semper
1495 1427 1687 1462 personam
1708 1427 1810 1451 suam
1832 1420 1986 1452 tuentur.
2032 1418 2224 1459 Quomodo

1177 1477 1298 1510 autem
1314 1475 1411 1509 Deus
1427 1474 1463 1509 id
1477 1474 1643 1509 conciliet
1658 1485 1739 1509 cum
1754 1475 2038 1511 revolutionibus
2054 1477 2224 1524 universi,

1176 1534 1333 1569 humana
1353 1533 1446 1568 ratio
1467 1533 1607 1568 definiri
1628 1533 1761 1579 nequit.
1813 1533 1950 1580 Nempe
1970 1535 2113 1570 animae
2134 1547 2225 1571 sem-

1176 1603 1239 1639 per
1266 1595 1415 1626 manent
1446 1592 1686 1638 substantiae,
1724 1599 1860 1627 mentes
1881 1604 1966 1628 vero
1987 1605 2126 1640 semper
2145 1607 2226 1641 per-

1177 1662 1306 1686 sonae:
1346 1651 1429 1686 illae
1457 1662 1495 1686 se
1525 1661 1665 1697 semper
1699 1651 1974 1686 accommodant
2005 1652 2129 1688 divino
2151 1664 2225 1688 me-

1176 1710 1372 1756 chanismo,
1401 1710 1467 1745 hae
1488 1721 1628 1757 semper
1648 1709 1771 1745 divino
1792 1710 2019 1757 moralismo,
2040 1714 2080 1746 ut
2099 1713 2224 1760 verbo,

1176 1780 1198 1804 a
1219 1772 1254 1804 te
1274 1769 1456 1816 eleganter
1476 1769 1656 1815 adhibite,
1686 1771 1776 1804 utar.
1837 1769 2009 1816 Optarem
2025 1770 2105 1814 jam
2125 1771 2225 1806 viros

1175 1829 1378 1875 praeclaros
1405 1828 1445 1862 in
1473 1827 1719 1863 mechanismo
1734 1830 1885 1863 naturae
1903 1829 2119 1875 explicando
2139 1841 2226 1876 pau-

1140 1930 1141 1933 *
1174 1887 1278 1922 latim
1298 1887 1465 1933 progredi
1484 1887 1626 1933 longius
1648 1890 1684 1922 et
1703 1887 1787 1922 dare
1809 1898 1957 1933 operam
1977 1899 2050 1923 non
2067 1889 2224 1935 quidem,

1175 1949 1234 1992 ut,
1266 1957 1367 1980 more
1389 1946 1700 1991 Cartesianorum,
1723 1946 1846 1980 omnia
1867 1946 1989 1981 statim
2010 1959 2073 1993 per
2093 1948 2226 1982 saltum

1175 2005 1222 2040 ad
1242 2005 1359 2050 prima
1378 2003 1572 2051 principia,
1596 2004 1901 2050 magnitudinem,
1923 2005 2072 2050 figuram
2095 2009 2131 2040 61
2150 2016 2226 2041 1110-

1177 2066 1255 2098 111111
1275 2064 1457 2108 reducant,
1480 2063 1577 2108 quod
1597 2062 1673 2097 fieri
1694 2074 1715 2097 a
1736 2063 1841 2098 nobis
1860 2063 1996 2109 nequit,
2019 2064 2081 2098 sed
2101 2067 2141 2098 111
2162 2076 2226 2111 per

1142 2161 1143 2171 ἵ
1178 2122 1307 2168 gradus
1334 2125 1501 2157 revocent
1528 2122 1729 2167 composita
1756 2122 1802 2157 ad
1832 2121 2007 2168 simplicia
2034 2125 2069 2157 et
2097 2122 2226 2169 princi-

1177 2180 1247 2227 piis
1268 2180 1447 2227 propiora.
1479 2181 1535 2215 Sic
1556 2181 1685 2215 iridem
1706 2180 1798 2215 bene
1817 2181 2049 2227 explicamus,
2073 2181 2103 2215 si
2120 2192 2227 2227 quae-

61 2240 210 2277 Pulchre
237 2243 357 2275 autem
386 2243 490 2275 notas
518 2240 556 2274 in
583 2251 680 2275 mere
707 2240 848 2287 passivo
876 2241 1014 2275 nullam
1034 2252 1110 2276 6556
1143 2232 1144 2238 ’

63 2302 183 2334 motus
226 2299 422 2345 recipiendi
471 2299 721 2345 retinendique
765 2299 1007 2334 habilitatem:
1061 2305 1107 2347 et,
1143 2291 1144 2295 ¹

1179 2240 1263 2275 dam
1284 2240 1376 2275 circa
1399 2239 1514 2274 lucem
1537 2242 1571 2274 et
1588 2240 1725 2274 colores
1741 2239 1959 2285 inexplicata
1975 2240 2225 2275 adsumamus:

1178 2298 1230 2333 ita
1251 2298 1438 2345 supposita
1457 2297 1632 2344 gravitate
1652 2301 1688 2333 et
1708 2298 1744 2332 η’
1764 2297 1929 2344 61351163,
1961 2298 2117 2344 plurima
2138 2300 2226 2335 olim

1178 2357 1356 2404 explicui,
1384 2357 1451 2392 etsi
1480 2357 1572 2392 circa
1600 2357 1728 2392 horum
1755 2357 1909 2392 duorum
1929 2368 2071 2392 caussas
2092 2358 2226 2405 litigari

1179 2416 1292 2451 adhuc
1320 2418 1437 2463 queat.
1497 2416 1553 2451 Sic
1574 2416 1682 2451 laudo
1703 2415 1897 2461 chemicOS,
1920 2416 2126 2451 reducentes
2148 2418 2227 2464 plu-

1178 2476 1272 2510 rima
1287 2476 1333 2510 ad
1353 2474 1530 2522 principia
1551 2474 1777 2519 secundaria,
1808 2475 1918 2509 modo
1938 2475 2010 2509 illis
2030 2478 2143 2510 certas
2164 2476 2227 2511 ad-

1146 2548 1147 2556 *
1179 2534 1319 2580 signent
1341 2534 1527 2579 notiones,
1556 2545 1620 2568 nec
1642 2537 1682 2568 111
1701 2533 1775 2567 fieri
1796 2533 1931 2579 passim
1951 2534 2076 2580 video,
2108 2535 2227 2569 verbis

1145 2579 1148 2637 f
1180 2593 1279 2639 vagis
1306 2596 1340 2628 et
1368 2592 1539 2639 speciosis
1565 2592 1719 2626 nimium
1746 2591 1884 2626 ludant.

63 2650 297 2695 materialem,
319 2652 379 2684 aut
401 2650 536 2696 aliquid
556 2652 749 2696 analogum
769 2651 912 2687 animae
932 2652 1110 2687 tribuam:
1145 2648 1147 2657 ⁴

34 2711 36 2713 ’
62 2709 129 2744 hoc
156 2719 267 2744 unum
294 2711 435 2743 tantum
462 2709 617 2743 addens:
646 2709 760 2744 videri
781 2721 927 2745 omnem
949 2712 1112 2746 substan-

1943 2592 2047 2628 Certe
2074 2593 2226 2628 ‘observo

1179 2654 1213 2686 et
1235 2651 1346 2686 miror
1366 2662 1475 2697 pene,
1498 2653 1585 2696 quot
1606 2653 1766 2685 auctores
1786 2653 1841 2685 tot
1861 2651 2021 2686 diversas
2041 2652 2226 2687 vocabulis

1179 2711 1345 2745 notiones
1380 2709 1503 2745 tribui.
1563 2709 1668 2743 Unde
1702 2712 1866 2755 optarem
1900 2710 2095 2756 aliquando
2123 2710 2223 2756 oriri,

1145 2800 1146 2810 ¹
1180 2768 1241 2813 qui
1270 2770 1429 2803 uteretur
1455 2767 1541 2802 solis
1571 2767 1692 2802 verbis
1720 2778 1766 2803 ex
1792 2769 1975 2803 communi
2004 2781 2069 2804 usu
2090 2769 2222 2815 petitis,

1180 2829 1243 2861 aut
1262 2830 1357 2861 certe
1377 2828 1461 2862 ante
1482 2826 1648 2861 definitis.
1679 2827 1783 2868 Quod
1803 2827 1875 2862 nisi
1896 2828 1968 2873 fiat,
1990 2828 2095 2862 video
2114 2826 2225 2861 aetio-

1145 2923 1147 2930 ,
1179 2885 1283 2930 logiis
1304 2885 1473 2920 inanibus
1492 2888 1634 2931 tempus
1654 2886 1766 2932 perdi,
1788 2886 1884 2932 quod
1905 2886 1943 2921 in
1967 2883 2225 2921 observationi-

1181 2943 1248 2978 bus
1276 2946 1312 2978 et
1338 2944 1601 2989 consequentiis
1632 2945 1716 2980 inde
1736 2945 1906 2981 ducendis
1927 2945 2055 2979 rectius
2075 2943 2225 2978 6011063-

1340 3002 1392 3037 Τ6
1418 3003 1512 3038 inter
1532 3014 1663 3050 paucos
1684 3004 1789 3039 xideo
1810 3004 1988 3050 praeclare
2009 3002 2046 3036 in
2066 3001 2102 3035 id
2123 3000 2223 3045 eniti,

1181 3063 1222 3095 111
1242 3061 1423 3096 intellecta
1444 3061 1550 3097 dicas.
1610 3063 1817 3108 Aliquando
1838 3063 1957 3106 itaque
1978 3071 1999 3094 a
2020 3063 2054 3094 te
2074 3062 2225 3105 expecto

1181 3119 1358 3165 quaedam
1385 3120 1573 3156 rationalis
1602 3121 1801 3157 medicinae
1828 3121 2002 3155 elementa
2022 3128 2097 3152 non
2117 3117 2226 3152 nimis

1182 3178 1386 3214 insistentia
1412 3179 1714 3215 intellectualibus
1743 3179 1790 3214 ab
1810 3189 1876 3213 usu
1896 3176 1983 3211 artis
2004 3176 2163 3222 remotis,
2186 3178 2227 3210 ut

1150 3254 1152 3290 }
1183 3237 1222 3272 fit
1248 3237 1343 3284 apud
1369 3238 1526 3274 medicos
1556 3238 1792 3282 Cartesianos,
1828 3246 1892 3270 nec
1924 3234 2034 3269 nimis
2054 3234 2227 3280 imagina-

1149 3322 1152 3347 )
1183 3295 1293 3331 1101115
1322 3297 1489 3334 ludibriis
1517 3297 1656 3344 adfixa,
1694 3298 1732 3329 ut
1756 3294 1830 3330 fieri
1856 3294 1948 3328 solet
1977 3293 2072 3340 apud
2099 3292 2227 3328 chemi-

1683 3353 1731 3387 21
