2361 3643
720 89 760 123 V.
800 88 863 123 DE
889 87 1023 124 STILO
1051 87 1394 125 PHILOSOI'HICO
1421 90 1550 125 MZOI
1556 91 1609 128 111.
2183 84 2238 125 67

87 182 275 227 physicam
301 180 575 217 Hermolaus
602 182 847 229 Barbarus,
880 180 1123 217 Cornelius

87 241 324 287 Valerius,
346 241 615 275 Franciscus
636 241 996 286 VieomercatuS,
1026 239 1124 274 Hie-

86 310 180 334 ron.
202 299 539 346 Fracastorius,
564 299 742 334 Hieron.
765 300 1016 345 Uardanus,
1038 299 1121 333 Jul.

86 358 254 393 Caesar
282 358 501 404 Scaliger,
534 357 682 404 Scipio
710 358 953 404 Capucius,
976 357 1123 392 Titel-

86 427 298 462 mannus,
336 420 371 451 et
406 427 518 463 nuper
545 417 717 450 Gassen
726 417 746 450 d
757 427 822 462 us,
860 416 1026 451 dictionis
1055 416 1123 450 ele-

84 475 206 521 gantia
235 475 411 510 illustrare
437 477 639 520 coeperunt.
709 475 778 515 Qui
806 478 925 510 tamen
953 474 1123 510 terminos

84 533 124 568 in
144 534 278 569 Scholis
307 536 466 580 receptos
493 532 542 567 sic
571 533 617 567 ad
637 532 759 567 vivum
786 533 823 567 in
844 534 991 568 caeteris
1011 533 1123 579 philo-

85 592 231 638 sophiae
250 592 412 638 partibus
432 591 631 636 resecuerit,
662 593 702 625 ut
729 591 811 626 fecit
838 592 876 626 in
904 592 1034 637 Logica
1061 591 1124 626 Ni-

84 651 198 685 zolius
226 655 356 696 noster,
387 649 548 684 nondum
577 649 746 695 comperi.
796 650 1034 685 Nizolium
1062 650 1125 696 igi-

84 713 161 755 tur,
190 720 260 754 quo
293 709 460 743 hactenus
497 708 564 742 fuit
593 707 808 754 ignoratior,
839 710 904 744 hoe
932 709 1045 754 magis
1074 708 1125 743 di-

84 778 193 814 gnum
219 767 359 814 putavi,
391 766 453 812 qui
480 765 519 800 in
547 766 752 812 exemplum
781 767 947 803 dictionis
967 767 1125 814 philoso-

84 826 206 873 phicae
224 826 438 861 reformatae
458 828 688 871 proponatur.

141 884 278 920 XXIV.
305 883 432 918 Altera
456 883 624 918 editionis
644 884 737 919 ratio
758 884 825 919 suit
846 888 984 931 tempus
1012 884 1125 919 Auto-

82 942 140 977 ris.
189 942 347 977 Accessit
367 941 464 977 enim
485 942 530 977 ad
559 943 735 977 edendum
756 943 812 978 hie
839 954 981 989 quoque
1001 944 1121 978 stimu-

79 1000 146 1046 lus,
170 1001 267 1046 quod
287 1003 436 1047 apparot
456 1012 503 1036 ex
524 1000 712 1036 Nizolio
742 1013 819 1037 0550
844 1002 1017 1048 quasdam
1046 1013 1123 1037 sen-

79 1059 273 1094 tentiarum
299 1059 476 1106 periodos,
507 1062 553 1106 et,
576 1070 667 1105 quae.
695 1064 818 1095 nostro
840 1064 1000 1107 tempore
1026 1061 1123 1095 velut

78 1128 173 1153 nova
194 1118 447 1165 producuntur,
465 1117 545 1161 jam
566 1118 652 1153 olim
681 1119 834 1165 plurima
854 1131 875 1154 a
896 1119 1008 1154 doctis
1036 1119 1122 1153 viris

78 1187 209 1223 magna
235 1188 316 1212 cum
337 1177 565 1212 contentione
593 1177 727 1223 agitata
755 1189 840 1213 esse.
901 1179 954 1213 lta
984 1178 1123 1212 detexit

78 1236 337 1283 Teleseopium,
360 1236 456 1270 viam
477 1236 627 1271 lacteam
655 1248 730 1271 esse
750 1237 947 1271 conseriem
975 1236 1123 1270 insensi-

78 1294 207 1329 bilium
226 1295 421 1340 stellarum,
451 1294 546 1330 idem
573 1294 707 1329 dudum
733 1294 933 1338 conjecerat
960 1295 1122 1329 Demo-

76 1353 197 1388 critu
206 1365 231 1387 s.
287 1352 457 1397 Ejusdem
492 1352 743 1387 Democriti
778 1353 994 1388 Vaticinatio
1030 1356 1118 1400 erat,

77 1411 152 1446 'Nili
172 1412 392 1446 incrementa
407 1422 482 1446 esse
502 1422 523 1445 a
544 1410 674 1457 pluviis
689 1411 912 1457 Aethiopiae,
931 1422 1022 1457 quae
1043 1423 1121 1446 sen-

77 1470 189 1505 tentia
218 1482 240 1505 a
265 1469 405 1505 coaevis
432 1472 469 1505 et
494 1469 704 1516 propinquis
742 1469 974 1516 scriptoribus
1001 1470 1116 1516 irrisa,

76 1540 170 1564 nunc
190 1528 536 1576 peregrinationibus
563 1539 647 1563 vera
668 1528 885 1574 deprehensa
913 1532 985 1574 est3
1016 1528 1119 1574 Epi-

76 1588 172 1624 curi
193 1590 228 1623 et
247 1587 450 1622 Lucretii
470 1587 607 1633 Atomi,
631 1598 739 1632 quam
765 1598 895 1634 inagna
915 1598 1009 1622 nnnc
1036 1598 1119 1621 con-

77 1646 237 1682 tentione
266 1646 515 1682 refodiuntur?
561 1646 802 1692 Hyppothesis
832 1647 963 1682 terreni
999 1649 1118 1681 motus

77 1705 362 1750 Pythagorae
383 1704 491 1739 fuisse
512 1704 651 1751 dicitur,
669 1707 705 1739 et
726 1705 808 1739 illuc
830 1705 1017 1740 inclinasse
1038 1705 1117 1739 Ar-

76 1763 318 1798 chimedem
355 1774 428 1798 non
454 1763 603 1798 obscura
629 1766 710 1798 sunt
740 1764 887 1810 vestigia
922 1764 960 1798 in
994 1764 1117 1798 libello

77 1822 121 1857 de
142 1822 300 1857 Numero
321 1833 459 1857 arenae.
519 1822 670 1856 lllustris
699 1822 898 1868 Εἰς-111101
934 1823 1117 1869 pulverem

77 1881 374 1927 sympatheticum
395 1880 631 1915 Antonius
662 1881 938 1926 Deusingius
960 1885 995 1916 et
1022 1881 1116 1915 ι11111.

76 1939 222 1975 Fried.
246 1940 279 1974 Η
287 1940 486 1975 elvetius
505 1940 726 1974 contendunt
745 1943 900 1975 veterem
922 1952 1006 1975 esse.
1047 1940 1120 1974 Cir-

74 1998 293 2033 culationem
326 1998 508 2044 sanguinis
543 2010 607 2044 per
641 2001 758 2033 totum
800 2010 927 2044 corpus
963 2010 1036 2033 non
1071 1998 1117 2033 ab

74 2058 138 2092 Ha
150 2068 196 2091 11·
206 2068 285 2092 aeo
306 2056 462 2103 primum
482 2056 719 2103 observatam,
749 2057 808 2091 sed
831 2057 966 2091 dudum
996 2057 1117 2103 depre-

74 2116 221 2151 hensam
238 2115 307 2161 legi
323 2115 361 2149 in
377 2115 627 2161 manuscriptis
643 2115 827 2159 cujusdam
843 2115 1011 2161 religiosi,
1026 2126 1117 2161 quae

74 2185 168 2209 nunc
188 2184 329 2220 quoque
350 2174 508 2209 Venetiis
537 2177 790 2219 monstrentur,
820 2176 928 2209 refert
955 2174 991 2208 in
1014 2174 1118 2208 abso—

72 2233 250 2268 lutissimo
271 2233 541 2268 Institutionum
562 2233 857 2267 Anatoniicarum
884 2245 991 2279 opere
1011 2233 1118 2267 Tho-

73 2302 165 2327 mas
185 2292 423 2327 Bartolinu
434 2304 460 2326 s.
520 2292 645 2326 liabeo
665 2303 711 2326 ex
731 2291 938 2326 narratione
958 2291 1118 2327 doetissi-

73 2361 216 2386 morum
235 2350 406 2398 virorum,
429 2351 547 2397 ipsum
563 2350 663 2385 illum
679 2361 849 2396 magnum
865 2351 891 2385 (7
899 2362 919 2385 a
929 2362 945 2384 r
953 2351 1038 2385 tesi
1051 2361 1117 2384 11111

74 2420 148 2444 11011
183 2409 410 2444 mediocriter
438 2411 625 2444 confusum
655 2409 775 2455 fuisse,
813 2420 924 2455 quum
960 2412 1051 2444 esset
1085 2409 1118 2444 ei

74 2470 332 2514 monstratum,
362 2468 546 2514 complura
572 2468 648 2512 ejus
676 2468 995 2514 philosophemata,
1027 2479 1118 2514 quae

75 2525 214 2560 noviter
233 2526 378 2561 inventa
398 2527 559 2573 putabat,
587 2527 624 2561 in
652 2527 847 2561 Platone
873 2530 909 2562 et
935 2527 1117 2561 Aristo-

75 2584 185 2630 tele,
214 2593 367 2629 quorum
396 2588 517 2620 tamen
542 2585 602 2620 ille
628 2588 849 2620 contemtum
877 2586 1113 2631 praeferebat,

74 2646 151 2678 tum
171 2642 210 2676 in
230 2642 465 2688 naturalibus,
495 2646 572 2677 tum
599 2643 637 2677 in
657 2643 821 2678 civilibus
848 2644 941 2678 clare
971 2644 1113 2683 tradita,

72 2700 267 2746 contineri,
288 2700 506 2735 Keckerm
519 2712 660 2735 annus
681 2702 837 2736 ostendit
858 2713 904 2737 ex
924 2702 1115 2736 collatione

73 2760 265 2796 verborum
299 2759 539 2805 parallelismo
574 2759 730 2804 quodam
764 2760 833 2793 sibi
869 2760 1115 2805 oppositorum

74 2820 241 2865 pleraque
260 2817 383 2852 Petri
404 2817 531 2851 Rami
552 2817 720 2862 dogmata
740 2818 875 2852 dudum
895 2818 1025 2852 vidisse
1041 2819 1114 2852 Lu·

74 2877 280 2912 doricum
306 2876 472 2910 Vivem.
532 2875 637 2910 Addo
666 2887 743 2921 ego,
766 2887 857 2920 quae
878 2887 971 2910 nunc
991 2879 1114 2911 nostro

74 2939 235 2982 tempore
254 2947 276 2970 a
290 2934 522 2981 scriptoribus
538 2933 726 2980 praeclaris
741 2934 803 2968 llo
813 2934 835 2968 b
847 2934 897 2968 be
908 2934 994 2980 sio,
1017 2935 1043 2968 C
1052 2946 1073 2968 a
1083 2947 1115 2969 r-

74 2994 210 3040 tesio,
232 2993 419 3038 ι11111010,
440 2992 735 3038 Claubergio,
752 2993 889 3037 Raeo,
912 2992 1114 3026 Antonio

74 3053 132 3087 Ar
142 3053 280 3087 noldo
299 3052 493 3098 Theologo,
516 3062 622 3097 quem
643 3050 801 3085 Gallicae
816 3050 979 3095 Logicae,
1003 3050 1115 3084 libelli

73 3122 158 3146 sane
178 3110 432 3156 elegantissimi
453 3114 614 3145 autorem
637 3111 765 3155 ferunt,
784 3108 952 3143 acerrime
972 3111 1116 3154 urgetur

73 3169 308 3205 terminorum
349 3169 588 3204 technicorum
629 3168 675 3202 ad
711 3168 899 3214 populares
943 3167 1114 3212 reductio,

74 3239 153 3263 eam
176 3227 254 3271 jam
282 3230 358 3262 tum
385 3227 571 3262 Nizolio
600 3230 722 3264 nostro
752 3227 787 3260 111
818 3225 911 3259 votis
938 3238 978 3259 ac.
1008 3237 1115 3271 scopo

75 3286 177 3322 unice
198 3286 315 3334 fuisse,
340 3287 444 3332 longe,
471 3286 628 3333 meliore,
658 3297 765 3331 quam
795 3285 823 3319 R
836 3297 856 3319 a
868 3284 921 3319 mi
950 3284 1111 3331 consilio,
1145 3276 1149 3332 1

1194 182 1255 227 11111
1277 182 1501 218 Aristoteleis
1528 182 1708 218 subversis
1738 182 1827 217 alios
1857 184 2029 218 terminos
2059 184 2238 219 teehnieos

1192 241 1387 289 substituit,
1418 242 1739 288 multiplicavitque
1766 253 1840 276 non
1868 242 2066 288 scientiam,
2097 243 2158 277 sed
2188 243 2238 277 la—

1191 297 1325 333 borem.

1250 357 1370 393 XXV.
1410 358 1535 393 Restat
1562 369 1667 405 nunc,
1690 361 1729 393 ut
1750 370 1886 393 errores
1914 369 2056 404 quoquo
2086 361 2121 393 et
2149 359 2237 393 vitia

1191 415 1367 450 Nizolii
1388 417 1501 451 nostri
1523 428 1568 452 110
1590 417 1864 451 dissimulemus.
1925 418 1970 452 Et
1991 428 2037 452 ex
2058 417 2156 451 vitiis
2178 429 2238 463 po-

1192 474 1370 509 tissimum
1392 475 1477 510 mihi
1499 475 1798 521 vituperationem
1820 476 1947 511 mereri
1968 475 2109 510 videtur
2129 476 2238 511 male-

1193 533 1366 580 dicentia,
1405 544 1474 579 qua
1501 533 1539 567 in
1568 533 1891 581 Aristotelem,
1930 535 1967 568 in
1998 534 2236 569 Platonem

1193 591 1321 638 ipsum,
1344 591 1383 626 111
1404 592 1640 638 Galenum,
1663 592 1701 626 in
1722 593 1999 628 Aristotelis
2027 592 2239 639 interpretes

1193 650 1365 696 Graecos,
1387 649 1425 684 111
1435 650 1667 685 Scholasticos
1688 650 1764 685 51110
1785 651 1988 686 discrimine
2010 650 2115 694 (nam
2130 651 2239 686 'rho-

1193 719 1305 743 mam
1337 708 1631 754 Aquinatem,
1669 719 1780 754 quum
1808 709 2017 744 mollissime
2045 712 2237 745 tractatum

1193 768 1308 814 cupit,
1346 767 1504 813 appellat
1541 767 1771 802 monoculum
1806 767 1900 802 inter
1943 779 2064 802 caecos
2098 768 2159 803 lib.
2200 769 2236 803 4.

1193 838 1268 873 cap.
1294 826 1347 870 7.)
1370 825 1560 872 invehitur,
1583 837 1654 871 qua
1683 826 1791 861 etiam
1811 826 2072 860 consentientes
2100 827 2169 862 sibi
2198 827 2236 861 111

1192 885 1369 932 plerisque
1389 884 1582 929 Vallam,
1605 884 1780 931 Vivem,
1804 884 2088 930 Rudolphum
2108 885 2236 931 Agri-

1191 944 1336 979 colam
1363 943 1410 978 ob
1430 942 1610 978 levissima
1630 943 1806 988 quaedam
1827 942 2085 977 sententiarum
2113 943 2234 978 discri-

1191 1003 1290 1037 mina
1310 1001 1516 1048 proscindit.
1578 1002 1768 1047 Optassem
1789 1002 1906 1036 deleta
1926 1014 1945 1036 e
1966 1001 2059 1036 libro
2081 1002 2167 1036 talia
2189 1013 2234 1036 ne

1191 1062 1338 1096 lectores
1358 1061 1414 1096 vel
1434 1071 1515 1095 eum
1536 1060 1691 1106 puritate
1711 1059 1878 1095 dictionis
1906 1059 2012 1094 simul
2039 1059 2234 1106 procacita-

1191 1122 1264 1155 tem
1285 1120 1472 1164 discerent,
1504 1119 1560 1153 vel
1588 1119 1715 1153 saltem
1743 1119 1781 1153 in
1809 1118 2047 1165 percurrendo
2076 1118 2234 1153 offende-

1190 1181 1323 1225 rentur,
1346 1189 1420 1213 non
1447 1188 1526 1212 sum
1554 1188 1661 1212 ausus
1678 1180 1798 1212 tamen
1820 1177 1856 1212 in
1873 1177 1992 1212 alieno
2013 1188 2121 1223 opere
2137 1177 2234 1223 quic-

1189 1248 1297 1284 quam
1319 1237 1518 1271 immutare.

1247 1296 1387 1330 XXVI.
1398 1296 1544 1330 Errores
1554 1294 1592 1328 in
1602 1294 1634 1328 N
1644 1293 1656 1328 i
1665 1305 1683 1328 z
1691 1294 1730 1328 ol
1743 1294 1752 1327 i
1763 1305 1784 1328 0
1794 1296 1827 1328 et
1838 1293 1941 1328 multi
1949 1296 2042 1339 sunt,
2054 1295 2090 1328 et
2098 1293 2231 1340 magni,

1187 1365 1339 1400 quorum
1359 1354 1477 1400 plures
1497 1353 1535 1387 in
1551 1352 1741 1388 breviculis
1761 1352 1856 1387 notis
1872 1362 1959 1397 quas
1974 1352 2160 1386 minutiori
2177 1356 2232 1396 ty-

1187 1424 1234 1459 po
1265 1413 1415 1447 insertas
1441 1410 1568 1457 adjeci,
1590 1414 1673 1445 sunt
1701 1411 1798 1446 tacti,
1827 1411 2029 1456 aliquorum
2057 1422 2143 1445 vero
2170 1422 2232 1445 ex-

1188 1471 1384 1505 tantiorum
1404 1471 1513 1505 etiam
1534 1470 1590 1503 hie
1610 1469 1745 1503 mentio
1768 1469 1929 1504 facienda
1949 1472 2012 1504 est.
2050 1469 2230 1503 Nimirum

1187 1530 1247 1564 ille
1267 1529 1462 1575 palmarius
1483 1531 1547 1575 051,
1577 1528 1672 1573 quod
1694 1528 1990 1562 sclmlasticorum
2021 1527 2108 1562 vitia
2129 1527 2230 1562 Ari-

1187 1588 1349 1623 stoteli
1370 1588 1536 1633 imputat,
1560 1590 1595 1621 et
1616 1586 1849 1620 modestiores
1871 1598 1907 1620 50
1928 1586 2034 1631 viros,
2064 1586 2231 1621 ,10111111-

1186 1657 1284 1681 110111
1306 1647 1475 1681 Picum.
1498 1645 1824 1689 Leonicenum‚
1854 1644 2230 1690 R11dolpl1.Agri-

1186 1707 1345 1752 colam,
1370 1705 1544 1749 Yivem,
1575 1704 1683 1738 etiam
1705 1703 1875 1737 conviciis
1903 1703 2053 1748 lacessit,
2082 1707 2117 1737 et
2143 1703 2229 1738 adu-

1187 1764 1332 1799 lationis
1373 1763 1573 1798 insimulat.
1611 1762 1706 1807 quod
1741 1762 1900 1796 eximere
1931 1761 2230 1796 Aristotelem

1185 1826 1378 1867 conentur·7
1413 1833 1522 1868 (11111111
1549 1824 1671 1856 tamen
1700 1824 1823 1855 nostro
1858 1820 1974 1855 seculo
2002 1823 2084 1866 post
2112 1823 2165 1855 tot
2193 1820 2231 1854 in

1187 1881 1489 1917 Aristotelem
1517 1880 1804 1915 doctissimorum
1832 1882 1865 1913 et
1894 1879 2023 1925 prioris
2051 1878 2229 1914 barbariei

1186 1940 1509 1976 dissimillimorum
1537 1939 1772 1983 interpretum
1805 1948 1907 1972 curas
1937 1937 2026 1972 nilnl
2055 1937 2100 1972 sit
2135 1947 2230 1972 eom-

1187 1999 1334 2045 pertius„
1357 2009 1466 2043 quam
1488 1997 1797 2031 Aristotelem
1819 1995 1936 2030 omnis
1958 1995 2054 2030 illius
2074 1995 2231 2041 ineptiae

1186 2069 1315 2104 purum
1335 2060 1370 2091 et
1390 2057 1572 2091 insontem
1592 2067 1677 2100 0550,
1700 2066 1770 2100 qua
1797 2053 1997 2089 scholastici
2022 2054 2155 2100 passim
2176 2053 2230 2087 in-

1185 2116 1390 2162 quinantur.
1452 2115 1597 2149 lirun—es
1625 2112 1701 2156 ejus
1730 2113 1930 2158 quicunque
1950 2115 2044 2157 sunt,
2067 2112 2156 2147 tales
2178 2114 2229 2146 ta-

1186 2186 1267 2209 men
1296 2177 1389 2219 sunt,
1419 2176 1456 2208 ut
1486 2172 1590 2207 facile
1619 2171 1837 2206 internoscas
1866 2171 1985 2216 lapsus
2012 2170 2080 2204 viri
2108 2169 2229 2216 magni

1186 2237 1221 2268 et
1242 2234 1278 2267 in
1299 2244 1417 2267 rerum
1437 2232 1514 2266 luce
1542 2231 1685 2275 versati,
1709 2242 1729 2264 a
1759 2229 1984 2275 vertiginosis
2013 2228 2229 2275 deceptioni-

1187 2293 1252 2327 bus
1274 2290 1431 2337 imperiti
1458 2289 1607 2333 alicujus
1635 2289 1844 2323 claustralis.
1903 2288 1981 2322 Hoc
2010 2288 2229 2322 demonstra-

1186 2355 1263 2385 tum
1284 2350 1370 2385 satis
1391 2349 1520 2384 dedere
1542 2348 1697 2393 primum
1725 2347 1906 2393 superiore
1926 2346 2044 2380 seculo
2072 2345 2154 2380 Itali
2177 2345 2229 2379 in-

1187 2412 1375 2456 terpretes:
1407 2407 1645 2453 Aug-nstin.
1668 2406 1859 2451 Niphus,
1890 2404 2094 2450 Angelus
2115 2404 2230 2438 Mer-

1185 2467 1414 2512 cenarius,
1439 2465 1702 2500 Alexander
1730 2466 1766 2499 et
1786 2463 2058 2499 Franciscus
2078 2462 2231 2497 Piceo-

1187 2525 1611 2571 101111111101,(“;105111’
1631 2522 1946 2568 Cremoniuus,
1970 2522 2018 2556 M.
2042 2520 2230 2555 Antoni-

1186 2597 1265 2620 nus
1308 2585 1510 2628 Zimara,
1556 2582 1708 2617 Simon
1746 2580 1994 2623 Simonius,
2029 2580 2230 2615 3110011115

1186 2643 1452 2687 Zabarella,
1496 2641 1646 2675 Franc.
1688 2639 2053 2684 Vicomereatus,
2102 2641 2137 2672 et
2176 2639 2229 2671 tot

1183 2702 1259 2737 alii.
1312 2701 1388 2735 lloe
1410 2711 1493 2734 vero
1514 2699 1632 2733 seculo
1654 2698 1823 2733 illustrati
1844 2697 2121 2732 Aristotelis
2142 2696 2227 2729 Ger-

1184 2759 1299 2794 manis
1321 2758 1479 2792 maxime
1500 2758 1577 2791 laus
1598 2757 1755 2791 debetur.
1816 2756 1911 2790 Nam
1940 2759 2076 2801 partem
2098 2755 2141 2788 de
2168 2753 2227 2787 110-

1185 2817 1463 2861 monstratione,
1493 2827 1584 2860 quae
1604 2816 1711 2861 vulgo
1727 2814 1995 2849 Aristotelis
2016 2810 2227 2847 adversariis

1184 2888 1248 2922 pro
1271 2878 1453 2910 menstruo
1482 2876 1545 2919 est,
1575 2874 1699 2909 Corn.
1731 2872 1941 2915 Martini,
1971 2875 2005 2906 et.
2031 2868 2224 2914 ι1111131115

1183 2938 1219 2969 et
1253 2934 1338 2968 Joh.
1369 2944 1390 2967 a
1418 2933 1526 2968 Feld
1535 2944 1554 2967 e
1563 2944 1587 2967 n
1621 2943 1697 2967 non
1731 2931 1956 2966 mediocriter
1990 2929 2223 2971 illustrarunt,

1183 3003 1389 3038 quanquam
1408 2992 1508 3027 enim
1531 2991 1719 3026 Feldeni
1747 2991 1784 3024 in
1804 2988 1947 3034 Topicis
1973 2989 2007 3020 et
2034 2984 2223 3028 analyticis

1185 3051 1454 3086 Aristotelis
1482 3050 1527 3085 ad
1549 3061 1651 3084 usum
1680 3046 1932 3083 transferendis
1961 3043 2222 3078 eruditissimae

1182 3109 1325 3155 albique
1362 3109 1490 3155 lapidis
1524 3109 1659 3143 calculo
1702 3105 1928 3152 dignissimae
1970 3101 2221 3136 meditationes

1183 3169 1344 3203 nondum
1364 3168 1434 3202 sint
1457 3167 1584 3212 editae,
1607 3175 1789 3212 speramus
1816 3166 1936 3196 tamen
1955 3159 2219 3206 quamprimum

1183 3238 1241 3261 eas
1271 3228 1316 3261 ab
1346 3227 1422 3271 ipso
1452 3228 1575 3260 autore
1605 3224 1738 3258 editum
1769 3221 1831 3259 iri;
1865 3219 1909 3253 ad
1937 3218 2219 3263 Metaphysieam

1184 3285 1457 3320 Aristotelis
1494 3284 1605 3318 solide
1632 3277 1995 3324 001111110111-11110111111111
2025 3277 2216 3323 plurimum

1734 3333 1784 3368 *A*
