2361 3643
105 146 190 186 032
679 137 875 175 Lxxxn.
906 137 978 174 AD
1009 135 1098 174 nus
1128 136 1295 174 Bossns
1325 135 1557 174 EPISTOLA
1587 137 1678 176 xx.

107 252 204 287 mae,
235 240 290 274 vel
310 235 507 273 Monades:
537 242 608 278 quo
630 241 713 266 casu
742 231 853 266 etiam
884 230 1003 266 omnis
1023 241 1151 266 evane-
1176 230 1178 238 ¹
1208 229 1427 277 procurasti,
1459 239 1568 275 quam
1598 230 1715 276 legere
1743 242 1852 279 aveo,
1880 236 1917 269 et
1945 233 2041 280 quod
2070 243 2142 269 non
2170 242 2259 269 nun-

108 301 220 335 sceret
239 294 409 331 extinctio
434 291 556 337 realis,
578 289 711 325 nedum
733 292 865 335 motus,
887 289 988 334 cujus
1008 289 1154 324 realitas
1209 288 1312 324 ciasti
1333 290 1486 333 tantum,
1509 288 1571 323 sed
1592 291 1627 323 et
1648 289 1855 324 narratione
1874 293 2051 337 condigna
2072 291 2259 327 illustrasti

107 358 152 393 ad
180 364 294 388 meras
321 351 653 396 phaenomenorum
683 347 900 383 mutationes
921 347 1154 393 redigeretur.
1213 346 1497 381 Eminentissimi
1527 345 1785 381 Ptolemaei
1814 350 2105 396 promotionem3
2133 350 2190 384 cui
2212 359 2260 383 ex

164 411 301 445 Vellem
344 407 475 453 aliquis
517 407 697 451 integrum
739 409 901 450 systema
941 405 1152 440 Jansenii
1211 406 1334 440 animo
1363 404 1525 447 gratulor
1551 404 1678 439 litteris
1701 415 1789 450 quas
1818 406 2043 454 transmitto,
2071 411 2107 442 et
2132 410 2172 443 ut
2199 417 2259 442 eas

106 471 141 505 in
165 466 378 513 compendio
400 465 599 501 exhiberet.
640 464 786 509 Alioqui
809 464 953 498 difficile
973 466 1027 498 est
1055 463 1094 498 in
1115 474 1153 498 re
1211 462 1515 509 quemadmodum
1537 462 1720 509 obtulisti,
1744 472 1869 497 curare
1890 463 1998 510 velis,
2019 468 2113 510 peto.

104 531 180 562 tam
211 525 400 571 perplexa,
440 523 484 558 de
505 525 626 557 mente
647 522 725 566 ejus
761 525 854 557 recte
874 521 1048 566 judicare.
1108 517 1181 566 Et]
1270 520 1484 556 Beneficium
1519 521 1629 555 etiam
1664 519 1816 566 tribuis,
1859 519 1946 555 dum
1987 521 2174 558 doctorum
2215 532 2262 557 ex

105 583 410 631 queamdmodum
445 592 493 616 ex
528 580 788 626 Augustino
832 581 938 626 plane
973 580 1155 615 contraria
1179 567 1182 610 l
1212 589 1312 614 sacra
1341 578 1461 613 schola
1490 578 1652 613 virorum
1680 578 1874 613 sententias
1901 578 1991 614 meis
2012 579 2261 625 qualibuscun-

105 643 271 677 videntur
292 640 453 687 exsculpi
475 651 580 686 posse
602 638 733 686 verbis,
757 638 834 682 ejus
862 650 881 673 e
904 649 968 673 sua
1000 638 1082 674 sede
1103 637 1155 671 di·
1182 654 1185 691 ξ
1213 648 1281 682 que
1308 636 1556 682 conspirantes
1584 639 1699 671 notas.
1760 636 1802 671 Id
1831 636 1927 671 enim
1959 640 2036 672 tum
2063 637 2110 672 ad
2136 638 2262 671 confir-

104 701 227 745 motis,
251 701 302 735 ita
324 699 398 734 lieri
421 700 551 744 potest,
574 701 614 732 ut
635 697 730 732 idem
751 697 976 732 Jansenio
997 696 1155 732 eveniat:
1184 696 1187 738 l
1214 695 1398 740 mandum,
1433 697 1511 729 tum
1546 694 1590 729 ad
1627 693 1901 739 intelligendum
1932 695 2128 740 plurimum
2157 694 2265 729 valet.

104 759 166 794 sed
188 769 301 793 nexus
329 757 602 792 meditationum
634 756 758 790 tollere
780 755 870 790 hane
891 755 1157 790 dubitationem
1186 749 1188 766 ²
1215 753 1256 788 R.
1280 753 1316 788 P.
1341 752 1609 788 Sebastiani
1631 752 1880 798 Izquierdo
1902 753 1992 788 nihil
2012 753 2110 788 aliud
2134 763 2191 787 me
2212 752 2266 786 in-

105 820 245 864 potest,
275 820 310 851 et
340 815 445 850 valde
474 817 653 848 versatum
682 824 758 847 esse
781 816 924 858 oportet
945 814 983 848 in
1004 813 1158 848 lectione
1187 813 1188 850 j
1215 812 1349 857 spicere
1370 811 1540 857 memini,
1568 821 1677 857 quam
1697 810 1832 845 librum
1853 811 2066 856 inscriptum
2094 811 2266 846 Pharus

105 874 358 921 Augustini
392 877 427 908 et
463 873 640 908 librorum
678 870 755 914 ejus
791 871 1017 906 diversorum
1052 881 1158 907 nosse
1186 863 1189 908 ξ
1215 869 1552 915 Scientiarum,
1595 879 1701 914 quem
1733 868 1877 911 juvenis
1912 869 2004 914 vidi3
2047 869 2109 904 sed
2145 868 2267 903 ideam

106 937 290 979 tempora,
329 942 476 978 scopoe,
514 930 707 976 synopsin,
745 929 807 974 qui
836 929 921 964 locis
950 940 997 964 ex
1024 941 1067 965 eo
1096 940 1157 964 ex·
1187 910 1190 994 l
1216 927 1292 971 ejus
1314 937 1405 973 pene
1425 927 1552 972 amisi,
1579 927 1757 972 quaedam
1777 927 1920 972 phrases
1941 926 2267 972 Izquierdinae

105 991 236 1037 eerptis
273 990 389 1036 decipi
426 1001 497 1024 non
533 989 622 1023 vult.
684 988 722 1022 Id
753 988 839 1022 olim
870 988 1052 1023 nonnullis
1082 987 1158 1031 ejus
1187 1013 1190 1053 Ι
1218 986 1253 1021 in
1276 986 1362 1020 locis
1382 995 1404 1020 a
1426 988 1461 1020 te
1485 985 1680 1032 excerptis,
1710 995 1783 1019 non
1804 985 1892 1020 nihil
1913 996 1934 1020 a
1956 985 2045 1019 meis
2065 985 2265 1030 dissonant,

106 1050 226 1085 verbis
254 1049 428 1084 curiosius
458 1048 624 1093 inspectis
645 1046 932 1081 animadvertere
953 1046 1041 1081 lnihi
1064 1045 1159 1081 visus
1218 1044 1279 1079 sed
1316 1044 1353 1079 in
1390 1055 1427 1079 re
1459 1044 1660 1078 consentire
1688 1043 1863 1078 videmur.
1927 1043 1994 1076 Ex.
2024 1053 2075 1088 gr.
2105 1053 2187 1076 cum
2215 1042 2269 1077 ait:

106 1119 198 1155 sum,
222 1118 337 1153 eoque
358 1118 450 1141 nunc
472 1116 550 1140 sum
572 1107 686 1140 factus
707 1105 1012 1151 circumspectior.
1217 1103 1333 1137 Deum
1369 1102 1622 1137 necessitatum
1651 1101 1760 1137 fuisse
1789 1101 1993 1146 moraliter,
2029 1110 2103 1135 non
2125 1100 2270 1146 physice

164 1165 506 1201 Hartsoekerus
544 1163 733 1209 promisit,
770 1174 808 1196 sc
829 1164 922 1198 ultra
951 1163 995 1197 de
1015 1161 1160 1198 Atomis
1217 1161 1261 1196 ad
1284 1160 1457 1196 mundum
1479 1160 1683 1205 creandum,
1706 1170 1772 1203 ego
1789 1158 1906 1194 dicere
1924 1158 2047 1204 malui,
2068 1157 2267 1204 moraliter,

105 1236 180 1260 non
207 1225 482 1270 replicaturum,
519 1223 557 1258 in
584 1233 627 1258 eo
654 1221 841 1268 proposito
870 1224 1096 1256 constantem
1123 1231 1160 1255 se
1218 1230 1289 1255 non
1312 1219 1575 1265 metaphysice3
1612 1218 1803 1262 Physicam
1830 1217 1928 1251 enim
1955 1216 2205 1252 necessitatem
2233 1215 2271 1250 in

105 1283 292 1318 ostendere
313 1282 401 1317 vult.
1188 1289 1191 1337 l
1219 1278 1342 1314 libello
1378 1288 1460 1313 meo
1495 1278 1546 1312 sie
1581 1276 1758 1324 explicui,
1795 1277 1835 1311 ut
1870 1275 1916 1310 sit
1945 1268 2166 1320 consequens
2195 1284 2272 1310 mo-

163 1340 300 1375 Multas
328 1340 450 1385 utique
472 1339 586 1374 habeo
609 1339 860 1374 meditationes
881 1337 1160 1384 philosophicas,
1189 1351 1191 1374 ς
1218 1337 1314 1371 ralis.

106 1399 166 1434 sed
189 1399 350 1434 nondum
379 1397 529 1433 editioni
551 1401 703 1443 paratas.
766 1397 820 1431 Ex
842 1397 885 1431 iis
907 1408 949 1431 ca
970 1407 1060 1442 quae
1082 1407 1160 1442 per·
1190 1392 1192 1433 ξ
1279 1393 1569 1441 Explicationem
1590 1394 1923 1439 phaenomenorum
1946 1391 2108 1426 omnium
2130 1401 2194 1437 per
2213 1401 2270 1425 so-

106 1458 219 1493 tinent
247 1458 291 1492 ad
323 1456 417 1500 leges
439 1459 579 1501 motus,
610 1456 770 1490 maximo
791 1455 836 1490 ad
858 1455 1068 1490 elucidanda
1089 1454 1161 1489 Na·
1220 1454 1272 1488 las
1302 1453 1505 1488 Monadum
1544 1452 1789 1498 perceptiones
1826 1451 1918 1485 inter
1947 1461 1984 1484 se
2011 1449 2269 1494 conspirantes,

107 1519 208 1551 turae
230 1515 406 1562 principia
430 1515 603 1549 inservire
625 1517 785 1560 possunt.
1190 1511 1193 1570 ¹,
1219 1513 1374 1558 seposita
1395 1511 1596 1545 substantia
1618 1519 1809 1555 corporea,
1831 1509 1956 1542 utilem
1974 1518 2102 1541 censeo
2124 1506 2170 1541 ad
2191 1507 2271 1540 fun-

166 1575 320 1609 Multum
344 1573 413 1608 tibi
434 1574 573 1619 debeO,
596 1573 691 1618 quod
712 1574 814 1607 tanto
836 1571 955 1606 studio
976 1571 1013 1606 in
1035 1571 1160 1606 libello
1190 1573 1191 1581 ¹
1219 1569 1465 1605 damentaleni
1501 1578 1622 1602 rerum
1651 1567 1923 1611 inspectionem.
1986 1565 2031 1598 Et
2059 1564 2124 1598 hoc
2159 1574 2272 1609 expo-

107 1642 188 1667 meo
216 1632 388 1667 vertendo
418 1631 581 1665 versaris.
643 1631 782 1664 Vellem
812 1630 1008 1664 invenisses
1040 1629 1076 1663 in
1105 1639 1160 1674 co,
1190 1628 1192 1654 ἴ
1219 1627 1326 1662 nendi
1358 1626 1468 1660 modo
1497 1625 1654 1670 spatium
1677 1624 1715 1657 fit
1744 1623 1833 1658 ordo
1855 1622 2132 1657 coexistentium
2164 1622 2272 1667 phae-

106 1700 198 1736 quae
219 1702 349 1735 operae
369 1690 523 1735 pretium
546 1690 659 1723 facere.
681 1690 836 1733 possent.
1219 1694 1471 1728 nomenorum,
1495 1686 1534 1717 ut
1556 1686 1697 1727 tempus
1719 1681 2018 1723 successivorum3
2042 1691 2108 1715 nee
2127 1680 2200 1714 ulla
2221 1682 2274 1714 est

166 1748 311 1783 Gratias
339 1759 406 1793 ago
428 1758 493 1792 pro
521 1745 814 1790 communicatis,
845 1754 937 1789 quae
957 1743 1002 1778 ad
1032 1754 1088 1777 res
1109 1742 1161 1776 Si-
1190 1741 1193 1775 i
1222 1743 1416 1777 monadum
1438 1740 1709 1787 propinquitas,
1739 1742 1802 1774 aut
1823 1738 1993 1773 distantia
2013 1738 2195 1783 spatialiS,
2217 1738 2275 1771 vel

109 1816 239 1841 nenses
266 1806 460 1851 pertinent.
520 1805 665 1845 Quanto
689 1803 802 1847 magis
826 1813 868 1837 ea
888 1801 1096 1847 considero,
1118 1811 1162 1835 eo
1191 1845 1192 1849 Ἰ
1221 1801 1403 1846 absoluta,
1443 1800 1648 1843 dicereque,
1685 1809 1763 1831 esse
1796 1797 1834 1831 in
1863 1797 1995 1842 puncto
2025 1795 2274 1841 conglobatas,

110 1865 224 1907 magis
261 1864 371 1898 miror
406 1862 543 1897 Romae
578 1861 673 1907 fieri,
710 1872 801 1908 quae
837 1860 925 1894 mihi
960 1860 1163 1905 perieulum
1221 1862 1283 1894 aut
1305 1859 1341 1893 in
1363 1858 1480 1903 spatio
1503 1857 1773 1900 disseminataS,
1804 1857 1857 1888 est
1880 1853 2097 1899 quibusdam
2125 1852 2276 1888 fictioni-

110 1921 300 1956 Missionis
339 1932 468 1965 augere
498 1921 682 1965 videntur,
718 1923 753 1954 et
773 1921 871 1953 recta
894 1920 1042 1952 monent
1062 1917 1161 1951 Lusi·
1190 1912 1191 1919 ¹
1222 1918 1289 1952 bus
1311 1916 1423 1951 animi
1446 1914 1561 1949 nostri
1583 1913 1655 1959 uti,
1683 1912 1771 1947 dum
1798 1912 1990 1957 imaginari
2019 1912 2173 1947 libenter
2199 1911 2275 1946 vel-

111 1980 207 2024 tani,
238 1990 390 2024 quorum
425 1979 573 2014 interest
603 1988 676 2012 non
698 1976 832 2012 irritari
855 1976 1089 2010 Monarcham
1109 1974 1162 2007 Si·
1190 1983 1191 1992 ¹
1221 1975 1346 2020 lemuS,
1368 1984 1461 2019 quae
1482 1976 1624 2007 tantum
1646 1971 1796 2015 intelligi
1817 1972 1978 2016 possunt.
2019 1970 2060 2004 In
2083 1970 2147 2004 hac
2164 1969 2276 2004 etiam

110 2048 268 2073 nensem.
329 2037 475 2071 Interea
511 2047 655 2080 vereor,
693 2037 732 2069 ut
767 2034 865 2079 Papa
894 2034 1042 2079 probet,
1067 2032 1162 2078 quod
1190 2010 1194 2068 l
1221 2032 1510 2068 consideratione
1538 2030 1638 2066 nulla
1666 2028 1821 2064 occurrit
1855 2028 2020 2063 extensio
2046 2031 2108 2062 aut
2129 2038 2277 2074 compo·

109 2095 270 2130 Lusitani
300 2095 371 2129 sibi
394 2094 455 2138 jus
484 2096 698 2140 patronatus
727 2093 764 2128 in
792 2091 969 2127 Ecclesias
999 2092 1164 2126 Sinenses
1191 2073 1195 2139 ζ
1222 2091 1308 2126 sitio
1329 2089 1505 2135 continui,
1529 2092 1564 2124 et
1586 2099 1709 2123 omnes
1730 2087 1774 2122 de
1794 2086 1934 2133 punctis
1950 2086 2178 2122 difficultates
2194 2096 2277 2120 eva·

109 2154 321 2189 attribuunt.
1193 2161 1196 2183 ι
1224 2153 1383 2185 nescunt.
1443 2148 1564 2193 Atque
1585 2147 1652 2182 hoc.
1674 2148 1746 2191 est,
1768 2145 1865 2190 quod
1886 2144 2003 2180 dicere
2025 2143 2122 2179 volui
2144 2144 2277 2179 alicubi

168 2211 282 2247 Nosse
313 2211 438 2257 velim,
470 2221 516 2245 an
538 2211 580 2246 R.
602 2210 641 2246 P.
663 2211 723 2246 Tu
735 2221 751 2245 r
763 2209 983 2255 meminus,
1010 2208 1165 2254 promis·
1227 2208 1264 2243 in
1295 2218 1375 2242 mea
1402 2205 1646 2251 Theodicaea,
1684 2204 1913 2239 difficultates
1944 2204 1988 2238 de
2014 2202 2278 2248 compositione

113 2280 188 2304 sam
216 2269 535 2305 Theodieaeae
566 2280 667 2304 meae
696 2269 942 2304 recensionem
969 2266 1164 2302 Trirultia·
1192 2271 1194 2321 ἐ
1223 2265 1385 2301 continui
1407 2264 1602 2300 admonere
1623 2274 1688 2298 nos
1711 2262 1851 2307 debere,
1874 2273 1930 2297 res
1950 2262 2057 2306 longe
2078 2262 2182 2296 aliter
2202 2270 2278 2295 esse

113 2327 167 2362 nis
189 2329 261 2362 suis
283 2329 382 2363 Actis
405 2328 572 2363 literariis
594 2328 791 2362 inseruerit.
1192 2322 1194 2367 ξ
1222 2323 1502 2370 conspiciendas.
1565 2321 1771 2356 Videndum
1802 2320 1930 2355 deinde
1959 2319 2044 2364 quid
2067 2329 2210 2354 necesse
2230 2318 2278 2352 sit

172 2385 297 2420 Libros
320 2387 355 2421 in
373 2386 500 2421 scheda
517 2386 581 2421 hae
597 2389 741 2421 notatos
758 2384 935 2420 Dominus
957 2382 1163 2417 Romers-
1190 2371 1193 2391 ¹
1223 2381 1433 2429 superaddi,
1457 2381 1486 2414 si
1507 2379 1682 2414 addamus
1703 2380 1872 2413 unionem
1894 2376 2187 2422 substantialem,
2216 2386 2278 2410 seu

113 2442 138 2478 k
152 2443 320 2490 irchen,
352 2444 495 2491 quando
518 2445 634 2490 volet,
664 2444 806 2479 mittere
828 2441 980 2489 poterit,
1009 2441 1163 2487 pretium
1191 2442 1193 2464 ἲ
1223 2450 1400 2487 ponamus
1421 2438 1660 2473 substantiam
1683 2437 1759 2472 dari
1777 2446 2003 2482 corpoream,
2026 2434 2187 2480 adeoque
2203 2444 2278 2468 ma-

114 2502 281 2547 ascripsi:
310 2504 451 2547 qualem
481 2505 633 2549 ipsemet
654 2503 779 2538 statuit
801 2502 940 2536 solvam
962 2499 1162 2546 pecuniam,
1192 2491 1193 2511 ³
1223 2499 1371 2542 teriamz,
1408 2500 1444 2531 et
1481 2507 1528 2531 an
1557 2500 1640 2531 tunc
1671 2506 1811 2530 neccsse
1838 2495 1886 2529 sit
1912 2493 2046 2529 recurri
2074 2493 2121 2527 ad
2149 2502 2280 2539 corpus

115 2562 151 2594 et
172 2571 238 2606 pro
263 2560 315 2594 his
337 2566 371 2595 et
394 2573 457 2607 pro
479 2563 618 2608 priore,
639 2561 692 2596 illi
714 2572 820 2607 quem
844 2560 930 2594 mihi
953 2559 1165 2593 nominaris.
1192 2561 1194 2574 ¹
1225 2555 1532 2592 Mathematicum.
1596 2555 1700 2589 Certe
1720 2552 1900 2589 Monades
1928 2564 2001 2588 non
2029 2551 2111 2586 ideo
2133 2551 2279 2598 proprie

241 2617 380 2652 Interea
417 2621 493 2655 vale
528 2624 565 2656 et
608 2621 689 2656 fave
765 2619 909 2654 Dabam
951 2618 1167 2654 Hanoverae
1225 2618 1330 2651 erunt
1353 2615 1388 2649 in
1410 2614 1489 2648 loco
1511 2613 1698 2659 absoluto,
1728 2622 1811 2646 cum
1831 2622 1956 2646 revera
1979 2620 2049 2645 non
2071 2610 2143 2645 sint.
2163 2609 2280 2655 ingre-

119 2675 186 2711 26.
210 2674 303 2711 Maii
331 2676 449 2711 1712.
1226 2674 1382 2719 dientia,
1427 2672 1488 2706 sed
1525 2674 1668 2706 tantum
1703 2670 1875 2716 requisita
1912 2668 2093 2704 materiae.
2155 2667 2281 2712 Itaque

634 2735 887 2770 Deditissimus
906 2755 909 2757 >
1194 2725 1196 2743 ⁴¹
1232 2742 1304 2767 non
1334 2730 1416 2765 ideo
1446 2741 1590 2764 necesse
1611 2729 1679 2764 erit
1701 2727 1937 2763 indivisibilia
1958 2726 2133 2772 quaedam
2154 2725 2280 2760 localia

525 2795 568 2829 (i.
615 2796 657 2829 G.
706 2794 734 2829 L
751 2805 770 2828 e
787 2794 799 2828 i
816 2793 838 2828 b
856 2804 879 2828 n
897 2793 908 2828 i
926 2795 938 2827 t
955 2791 967 2827 i
984 2802 1005 2827 u
1021 2803 1048 2827 s.
1195 2781 1196 2804 ³
1226 2789 1406 2834 constitui,
1429 2799 1521 2834 quae
1539 2789 1577 2823 in
1599 2789 1698 2822 tanta
1718 2786 1945 2821 difficultates
1966 2784 2173 2828 conjiciunt.
2204 2783 2282 2818 Suf-

1228 2849 1313 2893 ficit,
1336 2847 1577 2882 substantiam
1599 2856 1811 2891 corpoream
1833 2855 1908 2878 csse
1930 2842 2101 2889 quiddam
2124 2843 2280 2888 phaeno-

1230 2917 1387 2941 nomena
1415 2909 1519 2939 extra
1548 2905 1688 2939 animas
1709 2904 1904 2947 realizan53
1933 2902 1995 2936 scd
2016 2901 2052 2935 in
2073 2910 2144 2946 quo
2165 2898 2279 2933 nolim

1229 2965 1415 3010 concipere
1448 2966 1568 3009 partes
1597 2965 1698 3009 actu,
1734 2962 1804 2997 nisi
1833 2970 1924 3005 quae
1951 2959 2081 2994 actuali
2102 2956 2280 2991 divisione

400 3011 429 3046 E
449 3010 477 3045 P
498 3010 514 3045 Ι
534 3010 556 3044 S
577 3010 607 3043 T
629 3015 658 3043 υ
679 3014 706 3047 L
730 3014 760 3048 Α
798 3014 887 3049 XX·
1229 3024 1329 3068 fiunt,
1354 3033 1417 3057 nce,
1438 3021 1682 3061 indivisibilia,
1704 3020 1773 3054 nisi
1795 3023 1833 3054 ut
1853 3021 2026 3053 extrema.

122 3094 152 3128 R
165 3105 183 3127 e
197 3104 329 3128 veron
340 3092 535 3127 dissime
579 3094 732 3139 pater,
778 3097 935 3130 fautor
979 3094 1172 3130 honora-
1288 3081 1464 3116 Monades
1500 3082 1588 3126 puto
1624 3078 1855 3113 existentiam
1884 3084 2027 3120 semper
2055 3071 2186 3109 habere
2208 3071 2280 3118 ple·

1230 3150 1334 3186 nam,
1367 3150 1431 3174 nec
1451 3137 1589 3183 concipi
1612 3148 1738 3184 posse,
1769 3138 1808 3170 ut
1837 3137 1954 3180 partes
1975 3131 2137 3178 potentia
2158 3130 2281 3165 dicun-

1232 3200 1290 3232 tur
1325 3208 1399 3232 esse
1436 3197 1474 3232 in
1501 3200 1590 3231 toto.
1652 3195 1726 3230 Nec
1754 3193 1858 3227 video
1894 3190 1979 3236 quid
2008 3189 2137 3224 Menas
2165 3188 2281 3224 domi-

182 3254 284 3289 Nova
307 3266 447 3301 semper
470 3254 639 3289 beneficia
662 3254 698 3288 in
720 3263 777 3287 me
794 3256 966 3301 cumulas,
990 3256 1026 3290 in
1043 3255 1172 3301 quihus
1232 3267 1321 3291 nans
1348 3256 1501 3291 allarum
1529 3253 1725 3289 monadum
1754 3248 1966 3285 existentiae
1988 3248 2171 3293 ‹letrahat3
2199 3257 2282 3283 cum

123 3323 193 3348 ⁰0¹¹
216 3316 397 3358 POSU‘C'U'd
418 3315 502 3349 Sunt
523 3312 619 3358 quod
639 3311 896 3348 Recensioncm
911 3313 1173 3350 Trivultianam
1199 3314 1202 3327 “
1232 3324 1357 3351 revera
1378 3314 1472 3351 inter
1492 3324 1552 3349 eas
1571 3311 1711 3348 nullum
1733 3308 1780 3344 sit
1795 3306 2070 3355 commercium,
2107 3306 2168 3343 sed
2205 3309 2281 3341 tan-

549 3160 744 3195 tissime.
