2361 3643
810 99 984 137 LXXIII.
1043 99 1072 135 C
1100 99 1136 135 A

147 200 214 237 54.
249 195 309 232 Ad
342 196 405 231 lias
439 193 604 241 querelas
638 193 711 230 duo
740 192 953 240 responderi
986 191 1137 228 debent:

89 267 210 302 unum,
232 253 331 300 quod
352 253 548 300 Apostolus
569 252 723 298 adtulit3
745 262 822 287 non
842 262 920 287 esse
940 251 1138 296 condignas

87 313 309 351 adflictiones
345 311 452 356 hujus
486 311 662 357 temporis
695 310 741 346 ad
776 311 936 346 futuram
970 309 1136 356 gloriam,

85 382 177 419 quae
196 371 416 407 revelabitur
436 370 473 405 in
498 370 627 415 nobis,
655 369 830 415 alterum,
859 367 955 414 quod
976 367 1138 415 pulcher-

85 430 179 466 rima
212 428 484 476 comparatione
517 428 677 463 Christus
712 427 789 474 ipse
823 427 1022 474 subgessit,
1066 425 1137 460 nisi

84 498 237 534 granum
258 487 446 532 frumenti,
477 486 607 522 cadens
628 486 665 521 in
687 489 838 531 terram,
861 488 1044 521 mortuum
1064 485 1138 519 fue·

84 546 144 593 rit,
166 548 322 581 fructum
342 556 418 581 non
438 545 540 579 feret.

146 604 211 639 55.
241 604 367 651 ltaque
402 613 477 638 non
512 604 654 637 tantum
683 601 782 648 large
809 599 1138 647 eompensabuntur
1166 616 1167 625 ¹

84 661 321 709 adflictiones,
342 662 402 697 sed
424 664 459 696 et
480 659 675 696 inservient
695 660 742 695 ad
763 659 945 695 felicitatis
967 668 1138 705 augmen-

83 726 180 768 tum,
209 731 275 756 nec
296 722 435 755 tantum
457 720 610 765 prosunt
629 718 715 754 haec
735 719 852 766 mala,
882 718 944 753 sed
964 720 1000 753 ct
1020 716 1138 762 requi·

84 782 224 825 runtur,
247 778 342 813 Add.
365 775 397 819 §.
423 777 489 812 32.

145 838 209 872 56.
232 837 364 872 Circa
385 837 586 870 futuram
614 833 758 869 vitam
785 833 930 879 gravior
949 833 1065 868 adhue
1085 834 1138 867 est

83 895 295 930 difficultas:
324 904 410 929 nam
439 892 627 938 objicitur,
657 892 707 928 ibi
735 902 877 939 quoque
906 892 1004 927 bona
1030 891 1138 936 longe

82 953 177 988 vinei
205 964 227 988 a
249 952 374 999 malis,
403 951 489 997 quia
509 951 613 997 pauci
635 953 719 985 sunt
739 951 853 986 electi.

81 1068 229 1114 quidam
259 1072 423 1104 veterum
453 1079 586 1114 paucos
608 1068 737 1102 saltem
757 1070 944 1103 aeternum
962 1066 1135 1101 damnan-

81 1128 147 1162 dos
182 1127 381 1174 credidere,
418 1137 570 1172 quorum
599 1126 636 1160 in
663 1136 814 1161 numero
843 1125 912 1160 suit
939 1125 1135 1161 Pruden-

81 1186 193 1231 tius,
215 1186 431 1232 quibusdam
452 1184 597 1231 placuit,
622 1194 768 1219 omnem
790 1184 1032 1219 Christianum
1054 1188 1134 1219 tan-
1162 1215 1163 1237 ζ

80 1243 164 1279 (10111
192 1244 370 1278 salvatum
397 1243 460 1290 iri,
503 1253 677 1289 quorsum
713 1243 907 1289 aliquando
943 1243 1134 1278 inclinasse
1162 1244 1164 1254 ¹

81 1303 178 1338 risus
199 1305 252 1338 est
283 1302 607 1346 Hieronymus.

142 1361 208 1395 57.
237 1360 306 1394 Sed
326 1371 397 1395 non
419 1363 492 1407 est,
522 1371 585 1395 eur
612 1358 658 1393 ad
678 1359 764 1394 haee
783 1358 971 1405 paradoxa
993 1360 1029 1393 ct
1050 1357 1134 1402 reji-

78 1417 205 1453 cienda
239 1419 506 1464 confugiamus:
568 1417 661 1452 Vera
695 1417 884 1463 responsio
911 1420 982 1463 cst,
1017 1419 1133 1451 totam

79 1475 359 1522 amplitudinem
388 1476 489 1520 regni
526 1475 691 1510 coelestis
727 1486 801 1509 non
836 1486 915 1510 esse
943 1485 990 1509 ex
1010 1479 1134 1509 nostra

78 1534 284 1581 cognitione
319 1533 606 1578 aestimandam,
649 1543 735 1567 nani
769 1536 870 1567 tanta
903 1544 979 1568 esse
1014 1535 1135 1578 potest

78 1592 269 1628 beatorum
290 1604 354 1639 per
381 1592 544 1627 divinam
572 1590 752 1625 visionem
787 1591 924 1637 gloria,
963 1595 1001 1625 ut
1036 1591 1135 1625 mala

78 1650 333 1686 damnatorum
350 1650 516 1686 onmium
532 1649 735 1696 comparari
751 1649 831 1683 huic
850 1650 947 1684 bono
965 1659 1038 1683 non
1054 1659 1135 1695 pos-

79 1709 172 1755 sint,
196 1712 232 1744 et
263 1709 470 1755 Angelos
492 1709 657 1744 beatos
678 1707 880 1743 incredibili
904 1707 1135 1742 multitudine

78 1767 240 1813 agnoscit
257 1767 457 1813 Scriptura,
478 1770 516 1802 et
537 1777 705 1812 magnam
725 1768 1044 1801 ereaturarum
1066 1775 1134 1800 va-

79 1824 295 1860 rietatem
317 1825 398 1870 ips-a
418 1825 525 1860 nobis
544 1825 661 1870 aperit
682 1828 829 1871 natura,
853 1825 957 1860 noris
977 1823 1135 1859 inventis

79 1883 281 1930 illustrata3
316 1882 413 1928 quod
434 1882 538 1929 facit,
577 1886 616 1917 ut
634 1882 881 1929 commodius,
916 1893 1027 1928 quam
1054 1883 1136 1917 Au-

80 1940 291 1987 gustinus
312 1943 349 1975 et
369 1939 432 1975 alii
453 1942 610 1987 veteres,
631 1940 921 1986 praevalentiam
940 1940 1029 1976 boni
1050 1951 1137 1987 prae

77 1998 176 2034 111310
197 1999 289 2034 tueri
309 1998 501 2045 possimus.

140 2057 208 2092 58.
231 2057 370 2104 Nempe
395 2056 518 2092 Tellus
539 2058 667 2092 nostra
687 2066 766 2093 non?
787 2058 863 2103 est,
891 2055 961 2091 nisi
990 2055 1137 2090 satelles
1164 2056 1165 2059 ’

80 2115 187 2150 unius
197 2116 302 2163 Solis,
320 2118 356 2150 et
365 2118 417 2151 tot
426 2117 510 2150 sunt
520 2115 631 2161 Soles,
649 2117 740 2160 quot
748 2114 875 2150 stellae
884 2114 997 2159 fixae,
1013 2117 1049 2149 et
1060 2124 1137 2149 ere.-

81 2173 196 2209 dibile
217 2176 282 2221 est,
301 2173 504 2209 maximum
521 2183 597 2208 esse
614 2173 772 2219 spatium
789 2175 889 2208 trans
904 2183 1029 2207 omnes
1043 2173 1135 2207 fixas

79 2231 206 2278 Itaque
232 2233 323 2268 nihil
344 2232 534 2278 prohibet,
558 2231 614 2266 vel
635 2231 736 2266 Soles
757 2231 814 2266 vel
835 2231 996 2266 maxime
1016 2230 1134 2276 regio-

79 2301 163 2325 nem
186 2293 286 2326 trans
307 2291 416 2338 Soles,
438 2289 594 2326 habitari
615 2289 780 2325 felicibus
799 2289 981 2325 creaturis.
1014 2290 1135 2330 Quan-

79 2359 188 2395 quam
216 2351 253 2384 et
272 2349 443 2384 Planetae
469 2359 547 2383 esse
567 2347 726 2395 possint,
749 2351 813 2383 aut
833 2348 906 2383 fieri
921 2366 941 2395 ,x
956 2347 1001 2382 ad
1022 2348 1136 2382 instar
1160 2387 1161 2395 ἵ

489 2407 533 2442 10
569 2407 678 2442 (101110
707 2407 825 2442 Patris
855 2406 971 2441 nostri
1001 2406 1135 2440 multas
1160 2422 1161 2426 =

1160 2451 1161 2484 3
1193 2464 1315 2498 vinam
1337 2462 1571 2498 Sanctitatem
1607 2460 1792 2507 polluant,
1828 2461 1890 2496 sed
1925 2471 1999 2496 non
2028 2463 2126 2496 recte
2152 2462 2246 2498 alias

78 2407 260 2454 Paradisi,
297 2407 428 2442 felices.

79 2459 157 2499 esse
179 2465 397 2511 mansiones,
420 2465 464 2499 de
484 2466 586 2501 coelo
608 2465 797 2500 beaterum
815 2464 960 2511 proprie
976 2464 1136 2499 Christus

80 2522 198 2568 dixit,
235 2523 332 2568 quod
354 2523 577 2568 Empyreum
612 2526 744 2558 vocant
771 2522 945 2567 Theologi
974 2523 1134 2568 quidam,

80 2584 115 2614 et
138 2583 238 2614 trans
260 2580 390 2626 sidera,
414 2591 476 2615 seu
498 2581 610 2626 soles,
632 2582 822 2627 collocant,
846 2581 912 2615 etsi
934 2581 1024 2615 nihil
1045 2581 1135 2615 certi

80 2638 124 2673 de
153 2638 233 2673 1000
261 2636 450 2672 beatorum
477 2638 660 2673 adfirmari
689 2639 828 2684 possit,
862 2638 1011 2673 interim
1034 2642 1070 2674 et
1097 2639 1135 2673 in

81 2696 268 2742 spectabili
300 2695 435 2730 mundo
465 2696 597 2731 multas
631 2700 875 2731 creaturarum
902 2697 1135 2731 rationalium

79 2754 322 2789 habitationes
351 2764 429 2788 esse
459 2753 654 2788 verisimile
677 2753 833 2797 judicari
868 2757 1006 2801 potest,
1042 2755 1134 2789 alias

77 2812 159 2848 aliis
179 2812 368 2848 feliciores

140 2870 205 2905 59.
228 2870 356 2915 Itaque
378 2872 630 2915 argumentum
651 2879 672 2904 a
693 2868 924 2904 multitudine
945 2869 1134 2905 damnato-

79 2938 161 2963 rum
198 2939 272 2963 non
299 2931 354 2963 est
377 2928 585 2972 fundatum,
622 2927 694 2962 nisi
713 2927 749 2961 111
770 2927 975 2970 ignorantia
996 2931 1132 2975 nostra,

78 2996 220 3032 unaque
239 2987 473 3033 responsione
493 2985 722 3030 dissolvitur,
752 2994 860 3029 quam
889 2997 997 3032 supra
1017 2987 1134 3021 innui⁴

79 3054 178 3091 mus3
214 3045 245 3080 si
272 3045 394 3080 omnia
431 3045 537 3080 nobis
563 3046 748 3091 perspecta
776 3043 916 3091 forent,
950 3043 1133 3090 adparitu·
1161 3070 1164 3097 5

80 3112 180 3148 rum,
210 3114 255 3138 ne
275 3103 395 3150 optari
416 3103 560 3149 quidem
582 3114 685 3149 posse
706 3101 875 3149 meliora,
903 3113 1013 3148 quam
1041 3112 1133 3148 quae

80 3159 166 3194 fecit
187 3160 294 3195 Deus.
354 3162 497 3197 Poenae
525 3162 634 3196 etiam
663 3161 918 3197 damnatorum
945 3160 1130 3206 011110150-

79 3220 266 3252 verantem
285 3228 410 3254 eorum
439 3221 617 3256 malitiam
646 3222 897 3266 perseverant,
924 3218 1018 3254 uude
1046 3219 1131 3254 insi-

79 3274 160 3321 gnis
179 3274 403 3326 Theologus,
422 3278 445 3314 J
453 3290 486 3315 0.
509 3279 721 3316 Fechtius
733 3304 743 3327 ,
781 3278 818 3316 in
838 3277 993 3325 eleganti
1019 3277 1131 3315 Libro

913 949 1138 995 Origenes
1166 949 1167 958 ¹

81 1010 227 1057 quidem
262 1014 445 1045 aeternam
480 1009 752 1044 damnationem
788 1008 936 1044 omnino
972 1008 1135 1053 sustulit,
1164 1028 1165 1053 1

1167 97 1317 134 USA
1377 97 1530 134 DEI.
2165 95 2247 138 657

1168 199 1171 273 t
1197 190 1242 226 de
1261 189 1658 237 Statudamnatorum,
1689 200 1751 226 005
1771 189 1862 226 bene
1881 192 2033 240 refutat,
2054 192 2119 240 qui
2139 193 2176 229 in
2196 195 2250 230 fu-

1169 295 1170 301 ,
1197 251 1278 285 tura
1299 249 1377 284 vita
1398 251 1544 295 peecata
1565 258 1720 295 poenam
1751 249 1926 285 demereri
1961 254 2111 298 negant,
2146 253 2250 299 quasi

1168 305 1170 319 ¹
1190 307 1354 354 justitia,
1376 307 1454 342 Deo
1475 307 1698 353 essentialis,
1721 318 1861 344 cessare
1881 318 2038 354 unquam
2059 313 2193 355 posset.

1168 352 1171 375 '
1256 366 1323 401 60.
1346 365 1593 401 Gravissimae
1624 365 1769 401 tandem
1801 370 1884 402 sunt
1905 366 2133 404 difficultates
2153 369 2249 406 eirca

1195 423 1508 459 sanctitatem
1544 424 1648 470 Dei,
1684 434 1744 459 seu
1779 424 1874 460 cirea
1910 425 2166 472 perfectionem
2199 427 2247 463 ad

1196 482 1293 518 bona
1312 482 1479 527 malaque
1499 482 1652 517 moralia
1673 482 1829 518 aliorum
1848 483 2016 530 relatam,
2046 494 2137 530 quae
2162 497 2247 521 eum

1166 569 1167 574 ,
1195 550 1322 575 amare
1345 540 1527 586 virtutem,
1550 540 1667 575 odisse
1688 540 1834 587 vitium,
1856 542 1966 577 etiam
1989 543 2023 577 in
2044 543 2126 578 aliis
2146 543 2244 591 facit,

1194 601 1231 633 et
1263 598 1310 634 ab
1347 598 1447 633 omni
1481 598 1618 644 peccati
1652 597 1736 634 labe
1762 602 1869 645 atque
1899 601 2112 645 contagione
2134 612 2245 648 quam

1165 631 1168 693 1
1195 656 1356 692 maxime
1375 659 1559 702 removet,
1587 659 1624 691 et
1643 659 1764 692 tamen
1785 658 1919 704 passim
1941 660 2074 695 scelera
2093 664 2246 705 regnant

1195 715 1233 750 in
1254 714 1375 750 medio
1403 715 1645 761 potentissimi
1667 716 1733 750 Dei
1762 716 1922 763 imperio.
1983 717 2050 753 Sed
2071 719 2246 766 quidquid

1195 774 1263 809 hoc
1278 777 1333 808 est
1353 773 1593 819 difficultatis,
1616 773 1729 808 divini
1746 775 1892 810 luminis
1914 776 2051 811 auxilio
2072 777 2182 812 etiam
2205 777 2244 813 in

1195 833 1261 868 hae
1280 833 1353 867 vita
1375 832 1426 866 ita
1447 835 1646 878 superatur,
1669 835 1709 867 ut
1730 833 1794 879 pii,
1816 837 1851 868 et
1872 834 1941 868 Dei
1962 838 2136 884 amantes,
2159 835 2241 884 sibi,

1166 899 1167 910 ¹
1194 893 1369 937 quantum
1391 901 1480 936 opus
1502 893 1567 937 est,
1589 891 1791 925 satisfacere
1811 892 1961 937 possint.

1256 949 1321 985 61.
1353 949 1383 984 Ο
1396 948 1589 992 bjicitur
1617 959 1750 994 nempe
1770 950 1887 984 Deum
1907 950 2015 985 nimis
2035 962 2245 988 concurrere

1193 1007 1239 1042 ad
1259 1010 1462 1053 peccatum,
1493 1007 1675 1042 hominem
1702 1017 1776 1041 11011
1807 1008 1905 1043 53115.
1967 1009 2104 1043 Deum
2125 1013 2246 1046 autem

1164 1066 1165 1075 ¹
1193 1066 1300 1100 nimis
1329 1077 1605 1101 concurrere
1632 1065 1685 1100 ad
1716 1066 1880 1101 malum
1903 1067 2078 1101 morale
2096 1068 2244 1113 physice

1193 1127 1228 1159 et
1255 1124 1459 1172 moraliter,
1496 1124 1683 1159 voluntate
1717 1127 1752 1159 et
1786 1124 1998 1171 productiva
2033 1128 2068 1159 et
2092 1127 2244 1172 permis-

1193 1183 1269 1218 siva
1290 1183 1438 1228 peccati.

1252 1242 1319 1277 62.
1348 1241 1572 1276 Concursum
1602 1240 1777 1275 moralem
1810 1240 1928 1275 locum
1950 1239 2160 1276 habiturum
2181 1241 2244 1277 ob-

1192 1303 1352 1346 servant,
1383 1299 1449 1334 etsi
1471 1299 1567 1334 Deus
1588 1298 1677 1333 nihil
1695 1299 1877 1333 'conferret
1896 1298 2034 1342 agendo
2056 1299 2100 1333 ad
2122 1310 2246 1345 peeca-

1190 1360 1287 1404 tum,
1318 1358 1446 1393 saltem
1475 1357 1560 1393 dum
1582 1357 1827 1403 permitteret,
1863 1367 1926 1392 seu
1946 1366 2019 1392 non
2038 1356 2243 1406 impediret,

1191 1426 1272 1450 cum
1295 1419 1427 1462 posset.

1251 1475 1318 1509 63.
1353 1473 1422 1509 Sed
1449 1484 1575 1508 revera
1603 1473 1720 1507 Deum
1747 1481 1957 1507 concurrere
1985 1473 2172 1508 moraliter
2195 1477 2245 1510 -et

1192 1532 1341 1577 physice
1370 1532 1498 1567 simul:
1526 1531 1609 1577 quia
1638 1542 1710 1565 non
1739 1533 1880 1565 tantum
1901 1540 1975 1565 non
1995 1531 2146 1578 impedit
2166 1543 2246 1579 pee-

1193 1593 1334 1636 030105,
1381 1591 1443 1625 sed
1487 1590 1598 1624 etiam
1633 1589 1902 1635 quodannnodo
1939 1588 2108 1636 adjuvat,
2150 1591 2246 1627 vires

1193 1647 1282 1693 ipsis
1333 1649 1607 1693 occasionesque
1656 1647 1884 1692 praestando.
1954 1647 2059 1683 Unde
2099 1649 2247 1695 phrases

1192 1706 1396 1752 Scripturae
1432 1706 1578 1753 Sacrae,
1616 1705 1714 1751 quod
1743 1705 1839 1739 Deus
1874 1704 2018 1741 induret
2052 1706 2248 1755 incitetque

1192 1765 1323 1801 malos.

1254 1824 1319 1858 64.
1342 1822 1437 1858 Hine
1458 1822 1606 1868 quidam
1628 1822 1759 1857 inferre
1775 1820 1919 1868 audent,
1940 1821 2057 1857 Deum
2078 1823 2134 1857 vel
2151 1826 2249 1858 utro-

1193 1892 1283 1928 que,
1313 1881 1371 1916 1*οΙ
1391 1885 1488 1917 certe
1508 1881 1682 1916 alterutro
1703 1879 1832 1925 modo,
1869 1880 2005 1925 peccati
2024 1881 2247 1927 complicem,

1193 1940 1308 1975 immo
1328 1943 1515 1975 auctorem
1542 1951 1636 1985 055ος
1663 1941 1770 1984 atque
1790 1937 1881 1974 adeo
1902 1938 2062 1974 divinam
2083 1940 2250 1975 sanctita·

1164 2018 1165 2023 =
1194 2001 1280 2043 tem,
1296 1996 1489 2043 justitiam,
1512 1997 1714 2032 bonitatem
1735 1998 1911 2031 evertunt.

1255 2056 1321 2090 65.
1365 2055 1440 2090 Alii
1482 2055 1622 2089 malunt
1665 2054 1827 2088 divinam
1870 2053 2161 2089 omniscientiam
2209 2057 2247 2091 et:

1193 2112 1517 2159 omnipotentiam,
1537 2112 1661 2158 verbo,
1685 2110 1989 2157 magnitudinem,
2010 2111 2246 2159 labefactaret,

1192 2175 1364 2217 tanquam
1393 2174 1455 2206 aut
1482 2169 1637 2205 nesciret
1656 2168 1851 2204 minimere
1871 2175 2012 2205 curaret
2030 2169 2147 2217 mala,
2184 2174 2248 2207 aut

1192 2230 1372 2265 malorum
1388 2228 1540 2264 torrenti
1562 2227 1735 2263 obsistere
1756 2237 1830 2262 non
1850 2230 1982 2274 posset.
2041 2227 2143 2268 Quae
2161 2228 2247 2276 Epi-

1191 2298 1402 2334 cureorum,
1445 2286 1804 2332 Manichaeorumve,
1848 2285 2025 2321 sententia
2059 2285 2145 2321 fuit:
2187 2287 2247 2323 eui

1192 2350 1384 2392 cognatum
1405 2345 1560 2392 aliquid,
1597 2344 1663 2380 etsi
1691 2344 1763 2378 alio
1785 2344 1930 2379 mitiore
1950 2343 2080 2391 modo,
2117 2343 2247 2381 docent

1193 2405 1396 2451 Sociniani,
1426 2404 1487 2450 qui
1517 2407 1611 2438 recte
1639 2402 1784 2448 quidem
1805 2413 1929 2438 cavere
1952 2402 2096 2449 volunt,
2124 2414 2172 2438 ne
2190 2403 2246 2438 di-

1192 2522 1259 2557 Dei
1278 2521 1514 2567 perfectiones
1535 2519 1714 2556 deserunt.

1261 2580 1328 2615 66.
1381 2579 1430 2613 Ut
1471 2578 1628 2624 primum
1676 2576 1722 2612 ad
1772 2576 2050 2614 Concursum
2097 2577 2245 2615 Mora-

1192 2638 1282 2673 lem
1321 2636 1646 2683 permittentis
1686 2635 1987 2683 respondeamus,
2018 2647 2242 2684 prosequen-

1192 2696 1280 2732 dum
1296 2699 1361 2742 est,
1379 2694 1474 2739 quod
1491 2703 1601 2740 snpra
1618 2693 1734 2728 dicere
1749 2694 1944 2740 coepimus,
1967 2696 2241 2742 permissionem

1192 2754 1329 2800 peccati
1364 2764 1441 2787 esse
1475 2752 1631 2799 licitam,
1670 2752 1760 2795 (seu
1794 2754 1978 2789 moraliter
2005 2754 2239 2801 possibilem)

1191 2823 1273 2848 cum
1303 2812 1425 2846 debita
1462 2811 1546 2861 (seu
1575 2810 1762 2846 moraliter
1781 2808 2008 2860 necessaria)
2039 2811 2237 2846 invenitur:

1192 2871 1326 2905 scilieet
1346 2880 1427 2905 cum
1449 2879 1522 2904 non
1543 2872 1660 2914 potest
1687 2872 1872 2915 peccatum
1892 2871 2050 2905 alienum
2072 2868 2238 2914 impediri

1191 2928 1268 2963 sine
1302 2928 1448 2974 propria
1475 2927 1631 2974 offensa,
1661 2927 1698 2962 id
1727 2931 1797 2974 est,
1826 2929 1904 2963 sine
1933 2927 2127 2962 violatione
2147 2926 2236 2975 ejus,

1190 2986 1286 3032 quod
1306 2986 1386 3032 quis
1414 2986 1513 3031 31115,
1543 2986 1603 3020 vel
1624 2986 1712 3033 sibi,
1742 2986 1862 3021 debet.
1924 2985 2087 3029 Exempli
2108 2985 2235 3032 gratia,

1189 3045 1293 3080 miles
1314 3045 1351 3080 in
1371 3044 1526 3079 statione
1546 3045 1703 3092 locatus,
1733 3047 1894 3091 tempore
1916 3042 2120 3089 praesertim
2143 3043 2235 3087 peri-

1161 3099 1164 3153 ’Ὶ
1188 3104 1329 3150 0111050,
1351 3103 1399 3138 31)
1420 3114 1463 3137 03
1484 3102 1654 3138 decedere
1674 3114 1749 3138 non
1770 3103 1893 3146 debet,
1914 3103 1952 3134 ut
1973 3099 2063 3134 duos
2083 3100 2232 3146 amicos,

1161 3154 1280 3201 linter
1314 3173 1352 3196 se
1386 3160 1544 3197 duellum
1580 3166 1773 3209 parantes,
1808 3172 1829 3194 a
1857 3156 2048 3204 pugnando
2082 3161 2232 3194 avertat.

1161 3207 1164 3271 1
1189 3219 1282 3255 Α(1(1.
1312 3230 1418 3266 supra
1448 3217 1481 3261 ξ.
1511 3220 1576 3256 36.
1638 3218 1771 3255 Deberi
1807 3218 1928 3251 autem
1955 3214 2091 3260 aliquid
2135 3217 2232 3262 apud

1160 3278 1302 3317 'Deum
1329 3278 1562 3326 intelligimus
1590 3288 1663 3317 11οο
1696 3277 1851 3314 humano
1885 3283 2005 3321 more,
2042 3273 2108 3310 sed
2142 3275 2235 3314 {2750-
