2361 3643
159 149 246 193 742
734 142 864 182 xcvr

163 249 232 296 cit,
267 247 308 282 ut
336 244 374 280 in
395 253 433 278 sc
451 240 604 277 invIcem
624 247 697 274 non
723 239 850 284 agant,
871 245 954 273 cum
980 246 1215 283 unaquaeque

165 305 316 343 sufficiat
343 299 532 345 omnibus,
568 307 661 344 quae
689 296 726 332 in
747 296 827 344 ipsa
846 296 1080 343 contingunt,
1116 297 1215 343 quic-

166 363 250 411 quid
271 362 307 396 in
328 358 418 406 ipsis
438 356 548 392 addes
569 356 676 391 inane
697 357 761 390 est.

221 418 371 460 Quaeris
399 414 563 460 tandem,
591 425 656 461 per
675 412 774 460 quod
793 423 875 448 mea
896 412 1099 449 substantia
1118 423 1215 449 com-

160 477 280 526 posita
300 475 444 510 differat
465 473 512 509 ab
535 472 749 509 Entelechia.
808 471 900 508 Dico
921 472 968 507 ab
989 483 1031 508 ea
1052 481 1124 508 non
1145 472 1214 507 dif-

162 538 273 582 ferre,
309 533 381 569 nisi
412 534 453 568 ut
473 534 591 568 totum
610 542 632 568 a
652 533 774 579 parte,
796 540 859 567 seu
880 530 1122 567 Entelechiam
1142 530 1216 578 pri-

161 604 261 631 mam
295 591 507 638 compositi,
544 601 622 626 esse
657 592 798 638 partem
832 590 1106 626 constitutivam
1132 589 1215 625 sub-

161 651 317 688 stantiae
343 649 581 698 compositae,
618 659 748 696 nempe
777 648 853 684 vim
880 649 1037 685 activam.
1058 648 1213 696 primiti-

160 722 255 747 vam.

160 770 430 816 phaenomena3
462 767 636 804 Monadcs
658 777 741 802 vero
762 766 916 802 existere
944 769 1115 814 possunt,
1147 765 1214 801 etsi

159 837 311 875 corpora
340 837 415 863 non
443 829 579 872 essent,
608 826 678 861 nisi
700 825 962 861 Phaenomena.
1024 825 1214 861 Caeterum

159 886 369 922 Enteleehia
402 886 626 932 compositae
662 883 885 920 substantiae
920 894 1062 930 semper
1090 894 1214 919 mona-

161 945 245 981 dem
295 955 398 980 suam
445 944 694 980 dominantem
745 942 956 978 naturaliter
1002 943 1213 978 comitatur:

158 1003 205 1039 Et
225 1003 296 1051 ita,
320 1003 351 1038 si
374 999 503 1039 Menas
525 1005 688 1039 sumatur
708 1012 790 1038 cum
811 1000 1030 1049 Entelechia,
1053 1001 1213 1037 contine-

157 1062 213 1099 bit
233 1063 388 1097 sormam
409 1061 666 1097 subsantialem
688 1060 866 1097 animahs.

214 1121 277 1157 Nil
297 1121 467 1168 prohibet
486 1121 571 1168 quin
589 1120 686 1156 Echo
708 1119 821 1167 possit
842 1129 920 1154 esse
936 1118 1213 1154 fundamentum
1239 1145 1241 1155 .

1239 1180 1241 1190 '
1270 1179 1355 1214 tatis
1371 1179 1662 1224 sundann‘ntum,
1690 1178 1786 1213 unde
1816 1189 1940 1214 verum
1967 1179 2082 1214 oritur
2109 1180 2323 1216 continuum

154 1179 322 1226 aliorum,
343 1180 553 1227 praesertim
573 1178 604 1214 si
626 1178 674 1215 sit
694 1179 790 1215 Echo
811 1177 1019 1225 originaria.

215 1238 252 1273 Si
273 1238 446 1274 monades
466 1238 628 1284 rigorose
649 1237 850 1284 loquendo,
880 1235 1093 1272 substantiis
1114 1245 1212 1271 eom-

156 1297 284 1343 positis
304 1296 489 1344 accidunt,
517 1297 583 1333 etsi
605 1297 676 1332 sint
705 1295 920 1332 naturaliter
940 1295 985 1330 iis
1005 1305 1211 1341 connexae,

155 1355 249 1391 velle
269 1358 308 1391 ut
328 1356 394 1391 hae
421 1355 614 1402 tollantur,
643 1358 696 1391 est
723 1354 1037 1402 scrupulositatem
1058 1354 1213 1389 Graeco-

155 1424 238 1450 rum
258 1414 486 1461 quorundam
507 1425 692 1462 renovare,
715 1414 776 1461 qui
797 1413 907 1449 etiam
928 1412 1127 1449 accidentia
1148 1423 1210 1458 pa-

952 1471 1115 1518 Denique
1136 1482 1210 1506 non

1138 1529 1210 1564 ΒΟ·
1235 1531 1238 1569 i
1266 1535 1321 1567 ter
1347 1532 1603 1567 non-extensi.

155 1473 211 1508 nis
238 1475 276 1508 ct
304 1473 380 1508 vini
400 1473 542 1509 sublata
562 1484 639 1508 esse
658 1473 892 1509 contendunt.

156 1534 240 1567 sunt
268 1531 432 1577 augenda
458 1533 631 1568 miracula
652 1534 794 1580 praeter
814 1530 1078 1567 necessitatem.

155 1601 242 1626 vera
267 1590 438 1626 monades
464 1592 647 1638 pertinent
675 1591 722 1626 ad
752 1590 989 1637 quantitatem
1019 1598 1129 1635 quam
1150 1598 1206 1623 su-

155 1659 297 1696 peresse
323 1649 531 1685 Scholastiei
560 1650 631 1697 ipsi
660 1650 799 1686 volunt.
860 1648 945 1684 Non
965 1650 1021 1682 cst
1041 1656 1205 1693 parvum,

154 1707 191 1743 id
214 1717 321 1743 omne
343 1707 468 1745 adesse
488 1708 598 1744 unius
619 1707 862 1754 substantiae,
893 1706 1018 1742 abesse
1044 1704 1204 1750 alterius,

153 1766 252 1811 quod
280 1766 529 1812 phaenomena
548 1765 707 1801 realizet.
766 1765 946 1801 Breviter:
977 1774 1024 1798 ex
1044 1762 1099 1798 his
1119 1762 1206 1797 dua-

154 1823 222 1858 bus
262 1824 503 1870 positionibus
555 1824 632 1860 dari
674 1823 915 1859 substantiam
953 1821 1205 1868 compositam,

155 1882 413 1928 pliaenomcnis
434 1883 634 1918 realitatem
656 1882 890 1928 tribuentem,
911 1883 948 1916 et
967 1878 1205 1916 substantiam

154 1941 387 1987 naturaliter,
410 1951 475 1977 nec
496 1942 596 1988 oriri,
616 1952 682 1976 nee
703 1940 877 1986 occidere,
901 1949 982 1974 mea
1001 1939 1128 1973 cuncta
1149 1937 1206 1971 hic

151 2002 419 2044 consequuntur
427 2007 437 2043 5
480 2009 699 2045 quamquam
733 2009 858 2033 revera
893 2007 940 2032 ex
973 1996 1052 2031 sola
1086 1994 1205 2042 prima

151 2057 343 2103 positione,
366 2067 428 2092 seu
449 2067 496 2091 cx
516 2057 593 2092 solo
614 2056 815 2103 postulato,
837 2054 935 2101 quod
956 2054 1204 2101 phaenomena

151 2115 309 2150 habeant
335 2115 538 2151 realitatem
567 2117 671 2150 extra
699 2114 898 2161 percipiens
928 2113 1091 2148 videatur
1120 2114 1205 2147 tunc

151 2173 391 2210 demonstrari
418 2185 526 2220 posse
555 2173 788 2219 Philosophia
817 2172 1057 2218 Peripatetica
1084 2180 1203 2206 emen-

150 2232 245 2268 data.
303 2232 397 2268 Nam
418 2232 515 2279 quod
535 2232 737 2268 substantia
756 2241 829 2267 non
851 2230 1007 2276 oriatur,
1029 2240 1093 2265 nce
1114 2228 1203 2265 occi-

151 2290 234 2338 dat,
265 2292 320 2326 vel
342 2303 389 2327 cx
410 2302 454 2327 eo
475 2292 599 2327 confici
620 2292 763 2338 potest,
787 2289 873 2336 quia
893 2289 983 2324 alias
1004 2288 1203 2324 incidemus

152 2348 190 2383 in
225 2350 488 2396 perplexitates
552 2351 608 2385 Ex
643 2349 698 2385 his
726 2359 836 2395 porro
864 2348 981 2383 oritur
1010 2347 1202 2382 discrimen

152 2407 301 2442 formale
341 2409 434 2444 inter
469 2408 710 2444 substantiam
745 2406 1006 2453 compositam,
1051 2408 1089 2440 ct
1125 2414 1203 2439 mo-

151 2465 301 2511 nadem,
339 2478 532 2515 rursusque
558 2467 653 2503 inter
681 2466 923 2502 substantiam
951 2463 1201 2510 compositam,

151 2526 188 2558 Gt
214 2528 462 2572 aggl'ssgattnng
503 2529 612 2573 atque
648 2525 759 2561 etiam
794 2523 1072 2570 independentia
1106 2532 1204 2557 com-

151 2582 343 2628 positaeab
354 2583 645 2632 ingredientibus,
662 2583 825 2630 aquibus
841 2582 1043 2629 composita
1059 2580 1203 2626 dicitur,

151 2639 219 2675 etsi
233 2640 333 2675 exiis
342 2652 413 2676 non
425 2643 470 2678 sit
478 2646 679 2689 aggregata.
700 2643 820 2689 Atqnc
830 2641 910 2676 hinc
918 2640 1027 2676 etiam
1038 2639 1203 2674 substan-

152 2698 259 2744 tiam,
281 2709 323 2734 ac
352 2699 468 2746 ipsam
488 2702 725 2747 compositam
748 2698 877 2749 (verbi
893 2698 1010 2746 gratia
1029 2697 1202 2743 hominiS,

151 2754 342 2806 animalis)
370 2758 517 2794 eandem
534 2771 683 2795 numero
704 2758 1020 2804 mancredieimus,
1036 2767 1110 2792 non
1123 2758 1204 2791 tan-

151 2818 231 2851 tum
246 2819 472 2863 apparenter,
489 2818 548 2852 sed
565 2822 600 2853 et
616 2829 709 2864 vere,
725 2818 790 2853 etsi
802 2816 1022 2864 ingredentia
1032 2816 1206 2861 perpetuo

152 2876 353 2922 mutentur,
383 2877 419 2909 ct
448 2875 519 2910 sint
553 2876 589 2910 in
615 2877 784 2912 continuo
812 2876 943 2911 Eluxu.
1004 2874 1050 2908 Et
1079 2873 1130 2908 sic
1151 2872 1206 2906 in-

153 2932 339 2978 grcdentia
367 2933 463 2980 ipsa,
495 2943 668 2979 ponamus
691 2946 712 2968 a
733 2934 934 2970 substantia
954 2943 1018 2979 per
1038 2933 1207 2967 naturam

154 2991 313 3039 separari
334 2991 521 3039 paulatim,
543 2994 580 3025 et
600 2992 853 3038 particulatim,
876 2991 1000 3038 quidni
1022 2989 1204 3036 admittas,

153 3061 216 3097 per
236 3049 449 3086 miraculum
471 3049 735 3096 separationem
754 3053 793 3085 ut
815 3051 865 3085 sic
885 3051 1024 3096 loquar,
1048 3047 1205 3093 totatim,

152 3112 188 3144 ct
217 3108 344 3156 simul,
372 3108 513 3144 sublata
541 3107 641 3143 omni
670 3107 871 3143 substantia
899 3107 1120 3154 composita,
1144 3115 1206 3140 seu

151 3167 401 3212 phaenomena
423 3166 627 3213 realizante,
648 3176 740 3212 quae
760 3168 813 3200 est
835 3166 870 3200 in
891 3177 928 3200 rc
944 3169 1096 3212 terrena,
1120 3163 1206 3199 sub-

153 3225 278 3260 stituto
307 3226 500 3261 realizantc
520 3225 766 3272 phaenomena
793 3223 830 3256 in
853 3234 890 3258 re
909 3224 1073 3258 coelesti:
1132 3222 1204 3258 Ita-

153 3292 223 3329 que
243 3293 315 3318 non
338 3287 443 3330 puto,
468 3294 527 3319 me
555 3295 577 3319 a
598 3282 761 3319 doctrina
782 3281 983 3315 scholarum
1003 3281 1097 3316 circa
1119 3280 1203 3315 sub-

152 3341 304 3377 stantias
326 3353 515 3389 corporeas
536 3342 648 3390 abire,
671 3340 741 3376 nisi
763 3340 799 3375 in
820 3339 885 3374 hec
907 3349 996 3384 uno,
1025 3339 1123 3383 quod
1145 3349 1203 3374 ve—

314 709 383 745 Sed
417 709 537 744 differt
571 719 593 744 a
619 707 794 755 Monadc,
830 707 914 753 quia
949 711 1004 744 est
1039 708 1215 743 realizans
1243 725 1244 729 ι

923 142 992 180 AD
1021 137 1114 180 DES
1142 141 1306 180 Bessus
1336 142 1569 182 EPISTOLA
1599 144 1730 184 XXX.

1271 249 1334 274 rae
1354 238 1598 286 substantiae,
1634 238 1711 276 sive
1744 239 1938 290 simplicis,
1974 244 2051 281 sive
2084 245 2318 294 compositae,

1270 297 1558 345 generationem,
1589 300 1625 333 et
1645 300 1913 346 corruptionem
1931 303 2040 351 tollo,
2069 307 2152 352 quia
2173 317 2237 342 nec
2256 317 2318 341 ne-

1270 356 1461 404 cessariaS,
1497 367 1564 391 nee
1591 357 1827 403 explicabiles
1856 370 1933 394 esse
1953 364 2111 410 reperi03
2140 369 2247 410 atque
2268 366 2321 400 ita

1270 415 1538 462 philosophiam
1559 414 1666 452 istam
1685 416 1884 452 innumeris
1905 417 2171 459 difficultatibus
2192 423 2319 459 libero,

1269 473 1338 508 Sed
1369 474 1420 509 ita
1446 474 1687 510 substantiam
1721 486 1952 523 corpoream,
1991 488 2054 513 seu
2081 482 2319 528 compositam

1270 532 1447 579 restringo
1474 533 1521 568 ad
1549 534 1627 568 sola
1652 533 1832 572 viventia..
1868 545 1930 570 seu
1951 534 1998 570 ad
2025 537 2119 572 solas
2138 540 2320 575 machinas

1271 593 1420 626 naturae
1455 591 1651 636 organicas
1712 593 1862 628 Caetera
1898 594 1987 629 mihi
2021 597 2106 630 sunt
2134 607 2233 632 mera
2258 608 2319 643 ag-

1271 652 1418 696 gregata
1447 650 1754 698 substantiarum,
1784 662 1877 698 quae
1903 653 2045 699 appello
2065 654 2321 702 substantiata,

1270 712 1502 754 aggregatum
1520 719 1604 745 vcro
1619 720 1690 744 non
1700 711 1855 746 constuit
1865 711 1933 746 nisi
1944 722 2056 747 unum
2074 713 2321 758 peraccidens.

1331 767 1387 803 Ad
1411 778 1464 814 ea,
1487 778 1578 814 quae
1598 768 1642 802 de
1663 769 1804 814 punctis
1826 769 2045 805 Zenoniis
2065 771 2192 807 dixisti
2213 772 2321 818 adde,

1272 837 1315 861 ea
1336 837 1410 861 non
1431 838 1509 861 esse
1530 826 1601 861 nisi
1623 827 1818 874 terminos,
1849 828 1971 874 itaque
1991 829 2082 864 nihil
2103 841 2322 877 componere

1270 895 1396 932 posse:
1426 885 1488 920 sed
1509 888 1545 920 et
1572 885 1745 920 monades
1775 887 1872 921 solae
1898 887 2110 923 continuum
2130 899 2202 924 non
2222 899 2322 925 com-

1272 947 1426 990 ponent,
1454 954 1536 979 cum
1565 954 1629 990 per
1656 955 1694 979 se
1722 947 1869 979 careant
1889 946 1989 981 omni
2018 957 2113 982 nexu
2141 947 2322 993 quaelibet

1270 1013 1398 1038 monas
1419 1005 1473 1038 est
1493 1005 1664 1048 tanquam
1686 1003 1840 1038 mundus
1859 1006 2056 1050 separatus.
2115 1006 2166 1040 At
2186 1006 2225 1041 in
2246 1016 2322 1041 ma-

1271 1061 1361 1097 teria
1388 1061 1506 1108 prima
1533 1060 1646 1105 (nam
1667 1061 1822 1097 secunda
1842 1064 2074 1108 aggregatum
2094 1064 2173 1108 est)
2201 1075 2263 1100 scu
2284 1064 2322 1099 in

1270 1120 1416 1166 passivo
1436 1120 1656 1155 substantiae
1676 1120 1899 1166 compositae
1928 1120 2126 1156 involvitur
2144 1122 2323 1157 contiuui·

1270 1249 1316 1273 cx
1337 1237 1546 1273 substantiis
1579 1237 1789 1283 compositis
1821 1235 1928 1281 juxta
1956 1238 2161 1285 sepositis,
2195 1238 2265 1274 nisi
2300 1249 2323 1274 a

1270 1297 1348 1332 Deo
1369 1296 1690 1343 supernaturaliter
1709 1295 1858 1331 tollatur
1878 1296 2062 1344 extensio,
2083 1296 2211 1332 ordine
2229 1297 2324 1332 inter

1268 1355 1505 1390 coexistentia
1524 1355 1587 1389 illa
1616 1365 1710 1400 quae
1739 1365 1776 1388 se
1804 1357 1995 1400 penetrare
2023 1358 2211 1391 censentur
2239 1355 2323 1391 sub-

1269 1415 1355 1450 lato.
1424 1413 1470 1448 Et
1505 1414 1571 1449 hoe
1607 1424 1717 1448 sensu
1753 1414 1907 1448 sortasse
1936 1413 2035 1460 dixi,
2070 1414 2321 1450 extensionem

1268 1484 1344 1508 csse
1372 1471 1675 1508 modificationem
1698 1471 1870 1507 materiae
1891 1472 2050 1518 primae,
2079 1483 2140 1507 scu
2161 1472 2321 1507 formali-

1663 1530 1730 1565 Sed
1760 1530 1827 1565 hoc
1853 1540 1967 1574 genus
1995 1529 2220 1565 modalitatis
2248 1540 2322 1565 me-

1265 1590 1366 1625 dium
1394 1593 1450 1624 est
1479 1589 1573 1623 inter
1592 1588 1768 1623 attributa
1793 1587 2020 1634 essentialia,
2050 1590 2087 1623 et
2106 1588 2318 1634 accidentia,

1235 1668 1238 1694 ;
1264 1646 1427 1683 consistit
1447 1646 1546 1681 enim
1566 1647 1604 1680 in
1624 1645 1800 1681 attributo
1821 1645 1976 1681 naturali
1998 1649 2193 1696 perpetuo,
2221 1645 2320 1694 quod

1236 1716 1237 1720 ¹
1264 1716 1338 1742 non
1358 1705 1427 1741 nisi
1448 1705 1768 1751 supernaturaliter
1788 1704 1921 1739 mutari
1941 1706 2072 1750 potest.

1322 1763 1522 1799 Credebam
1543 1773 1623 1809 ego,
1644 1766 1680 1797 et
1700 1772 1766 1808 pro
1787 1764 1886 1797 certo
1908 1761 1975 1796 tibi
1997 1762 2224 1809 scripseram,
2243 1761 2319 1797 La-

1264 1822 1465 1857 mindum
1492 1821 1753 1856 Pritanium
1781 1829 1861 1854 esse
1895 1818 2182 1855 Bernardum
2216 1820 2320 1856 Tre-

1264 1880 1471 1914 visanum
1500 1878 1675 1913 Nobilem
1696 1878 1886 1913 Venetum.
1945 1878 2013 1913 Sed
2042 1879 2109 1914 hoc
2142 1889 2257 1925 nuper
2281 1879 2320 1914 in

1263 1938 1413 1973 dubium
1434 1937 1578 1972 vocavit
1598 1936 1821 1972 Diurnalista
1841 1936 2018 1984 Batavus,
2041 1937 2105 1983 qui
2125 1937 2319 1973 Ludovi-

1262 2006 1311 2031 cu
1324 2006 1360 2031 m
1389 1996 1429 2030 M
1438 2005 1516 2031 ura
1529 1995 1656 2030 toriu
1668 2005 1705 2030 m
1726 1995 2046 2030 Comachiensibus'
2066 2006 2134 2042 pro
2154 1995 2320 2032 Mutinae

1261 2055 1362 2090 Duce
1382 2054 1524 2100 seriptis
1545 2056 1684 2100 notum,
1705 2056 1889 2089 auctorem
1912 2054 2007 2089 facit.

1320 2112 1425 2154 Quod
1446 2112 1629 2148 hominem
1650 2112 1686 2148 in
1708 2112 1945 2147 conversione
1966 2111 2092 2158 glaciei
2113 2122 2205 2158 quac
2222 2113 2318 2148 fran-

1261 2171 1360 2215 gitur
1387 2171 1614 2218 comparavi,
1653 2170 1900 2216 accipiendum
1932 2173 1986 2205 est
2013 2181 2079 2217 pro
2106 2173 2238 2206 natura
2259 2179 2318 2205 cu-

1256 2229 1388 2276 jusque
1409 2229 1573 2273 subjecti.
1634 2228 1868 2275 Resistentia,
1899 2239 1993 2275 quae
2021 2229 2057 2264 in
2086 2229 2233 2265 homine
2255 2238 2319 2275 per

1260 2289 1416 2333 gratiam
1450 2290 1657 2335 separatur,
1691 2290 1746 2322 est
1781 2287 1924 2333 vitalis,
1960 2297 2043 2323 cum
2077 2288 2251 2322 consistat
2279 2286 2318 2321 in

1260 2346 1490 2394 praejudiciis
1510 2346 1726 2392 intellectus,
1748 2348 1783 2380 et
1804 2346 2032 2391 passionibus
2053 2345 2256 2380 voluntatis.

1320 2404 1444 2450 Rogo,
1480 2407 1521 2438 ut
1540 2404 1625 2438 data
1646 2403 1853 2449 occasione,
1892 2402 2072 2437 salutandi
2094 2401 2244 2437 Domini
2266 2401 2317 2437 de

1261 2462 1442 2498 Cochen
1453 2461 1586 2507 heim,
1617 2463 1653 2496 ct
1682 2471 1802 2496 rerum
1832 2460 2033 2495 Sinensium
2063 2462 2099 2495 et
2133 2460 2316 2507 Japonen-

1261 2521 1376 2567 sium,
1414 2523 1522 2565 atque
1549 2519 1660 2554 ctiam
1680 2519 1723 2554 R.
1746 2519 1785 2554 P.
1809 2518 2041 2554 Fonsecae
2076 2518 2164 2554 mihi
2197 2518 2317 2553 conci-

1261 2579 1374 2615 liandi
1404 2589 1544 2614 memor
1573 2588 1649 2612 esse
1677 2577 1780 2612 velis.
1841 2577 1944 2612 Circa
1972 2577 2085 2612 libros
2114 2576 2162 2612 ob
2189 2576 2317 2612 absen-

1261 2638 1350 2673 tiam
1364 2637 1480 2672 Aulae
1496 2647 1592 2672 nune
1606 2636 1777 2671 mandata
1796 2635 1934 2670 tardius
1949 2635 2138 2682 habentur,
2155 2645 2316 2682 pracser-

1262 2697 1424 2732 timeum
1446 2696 1580 2742 Regem
1601 2694 1865 2741 primariosque
1886 2694 2071 2729 Ministros
2094 2703 2288 2740 speremus

1322 2754 1487 2799 Cogitavi
1521 2753 1719 2799 aliquando
1754 2751 1842 2798 quid
1877 2752 1940 2787 uni
1974 2763 2021 2787 ex
2049 2751 2177 2786 vestris
2198 2751 2315 2787 dicen-

1263 2813 1349 2848 dum
1379 2814 1493 2859 soret,
1529 2811 1590 2857 qui
1620 2820 1766 2846 omnem
1795 2810 2037 2845 substantiam
2063 2809 2315 2856 compositam,

1264 2883 1325 2907 seu
1353 2881 1461 2905 omne
1488 2870 1662 2905 realizans
1692 2869 1959 2916 phaenomena,
1993 2870 2166 2914 tanquam
2194 2877 2316 2912 super-

1265 2931 1400 2965 ssuuam
1421 2929 1548 2964 tollere
1568 2928 1686 2962 vellet.
1719 2927 1797 2962 Hoc
1816 2927 1949 2974 posito,
1971 2925 2170 2961 substantia
2189 2934 2317 2970 corpo-

1265 2988 1314 3023 ris
1342 2987 1456 3034 ipsins
1486 2986 1694 3022 consisteret
1722 2984 1759 3020 in
1788 2985 2044 3032 phaenomenis
2064 2982 2315 3029 constitutivis,

1264 3049 1304 3082 ut
1331 3044 1530 3081 accidentia
1559 3044 1762 3079 consistunt
1790 3043 1826 3077 in
1854 3041 2109 3090 phacnomenis
2138 3040 2316 3075 resultan—

1266 3105 1381 3151 tibus,
1412 3102 1718 3149 quemadmodum
1750 3104 1877 3136 natura
1898 3100 1972 3135 albi
1993 3098 2157 3134 consistit
2177 3098 2215 3133 in
2238 3097 2315 3133 bul-

1263 3162 1320 3209 lis,
1344 3162 1458 3197 instar
1478 3171 1639 3207 spumae,
1662 3160 1719 3195 vel
1740 3159 1849 3194 simili
1870 3158 1989 3203 aliqua
2009 3159 2235 3203 contextura,
2257 3166 2315 3191 cu-

1258 3220 1319 3265 jus
1346 3220 1530 3267 perceptio
1561 3221 1617 3254 est
1644 3218 1681 3252 in
1711 3217 1817 3252 nobis
1838 3214 2076 3250 inobservata.
2137 3214 2314 3250 Accidens

1264 3289 1348 3314 vero
1378 3277 1466 3313 alibi
1486 3277 1695 3313 consisteret
1717 3275 1754 3309 in
1774 3273 2001 3319 perceptione
2023 3273 2086 3308 illa
2107 3273 2311 3318 observata,

1263 3348 1329 3384 per
1348 3346 1458 3382 quam
1478 3336 1601 3371 album
1623 3331 1861 3377 agnoscimus.
1922 3331 2047 3378 Itaque
2074 3331 2105 3366 si
2126 3331 2221 3366 Deus
2242 3330 2313 3365 vel-
