2361 3643
593 126 709 164 LXII.

76 236 146 263 non
166 226 347 272 appareat.
378 221 454 258 Nec
473 221 623 259 duqum
643 225 708 269 cst,
731 225 770 258 ut
790 222 828 258 in
849 221 1039 268 nascendo,
1070 220 1120 256 ita

74 289 108 321 et
130 284 167 319 in
187 281 421 328 denaseendo,
443 284 609 317 naturam
629 284 742 317 certas
762 282 857 326 leges
879 292 1039 326 servare,
1066 280 1119 314 ni-

73 343 124 379 hil
158 343 257 377 enim
290 341 495 376 divinorum
533 351 683 387 operum
716 342 770 375 est
805 340 942 375 ordinis
976 350 1117 386 expers

73 403 260 438 Praeterea
276 401 337 446 qui
351 400 554 435 considerat
569 399 832 434 sentcntiamdc
848 398 1119 434 conservatione

72 460 252 506 animalis,
281 458 506 494 considerare
534 459 643 493 etiam
665 458 783 503 debet,
812 459 907 504 quod
928 458 1044 504 docui,
1065 457 1119 492 in-

72 566 207 623 voluta,
236 580 272 613 et
297 577 379 612 hinc
408 577 611 612 machinam
638 575 831 611 animalem
866 580 901 611 ct
928 576 966 610 in
994 586 1120 621 genere

73 636 275 672 machinam
303 638 453 671 naturae
473 646 548 670 non
568 645 712 682 prorsus
733 634 1014 670 destructibilem
1034 645 1119 670 esse.

130 696 221 731 Cum
236 695 313 730 dixi
329 705 473 729 omnem
488 693 688 740 potentiam
703 704 779 729 esse
794 694 908 729 active
923 694 1121 740 metricem,

74 754 236 789 intellexi
257 752 351 789 haud
373 753 483 787 dubie
504 752 703 799 potentiam
724 752 889 798 activam,
911 756 947 788 et
967 753 1122 788 indicare

73 813 183 861 volui,
210 822 350 857 semper
377 812 555 846 actionem
582 811 741 857 aliquam
769 814 852 846 actu
873 812 974 858 sequi
994 822 1041 846 ex
1060 822 1123 858 po-

72 872 186 908 tentia
213 874 382 906 conatum
409 870 628 916 involvente,
657 871 723 905 etsi
752 871 942 906 contrariis
970 871 1123 906 aliarum

72 930 317 978 potentiarum
337 929 524 964 conatibus
544 930 744 965 refractam.

128 989 266 1024 Causae
286 988 460 1024 secundae
480 991 599 1035 agent,
621 989 650 1023 si
666 989 804 1024 nullum
825 988 871 1023 sit
891 987 1123 1035 impedimen-

71 1051 149 1083 tum
178 1047 394 1095 positivum,
424 1047 519 1095 imo,
547 1047 613 1082 etsi
641 1047 737 1083 adsit
766 1050 806 1083 ut
833 1047 931 1095 dixi,
960 1046 1122 1094 quamvis

70 1110 155 1142 tunc
175 1107 294 1142 minus
313 1109 433 1151 agant.

130 1166 197 1200 Ais
224 1166 461 1200 substantiam
489 1176 609 1212 unam,
639 1165 670 1200 si
692 1166 768 1201 sola
789 1168 992 1212 poneretur,
1023 1164 1124 1200 habi-

73 1227 191 1259 turam
218 1224 374 1259 infinitas
405 1224 561 1260 actiones
588 1224 713 1271 simul,
749 1225 833 1271 quia
860 1224 911 1260 nil
938 1223 1121 1270 impediat.

73 1283 287 1329 Respondeo
302 1283 411 1317 etiam
432 1294 536 1329 nunc,
558 1284 620 1319 ubi
641 1283 846 1330 impeditur,
868 1294 948 1317 eam
968 1283 1124 1318 infinitas

72 1342 232 1376 actiones
252 1341 359 1375 simul
379 1353 560 1376 exercere:
597 1352 681 1376 nam
709 1345 749 1376 ut
764 1341 844 1384 jam
867 1342 957 1388 dixi,
987 1342 1125 1376 nullum
1153 1334 1154 1374 ἕ

71 1399 369 1446 impedimentum
388 1400 567 1434 actionem
587 1411 733 1445 prorsus
756 1401 858 1435 tollit.
899 1400 972 1435 Nec
992 1401 1125 1435 mirum

73 1462 137 1504 est,
168 1458 263 1504 quod
284 1457 484 1493 substantia
506 1458 651 1504 quaevis
672 1458 831 1493 infinitas
852 1461 994 1493 exercet
1015 1458 1124 1493 aetio-

72 1528 136 1552 nes
157 1528 225 1563 ope
252 1517 410 1564 partium
439 1517 661 1552 infinitarum
689 1517 849 1552 diversos
876 1519 995 1552 motus
1024 1527 1124 1551 exer-

72 1576 248 1622 centium3
286 1586 368 1610 cum
396 1576 543 1622 quaevis
578 1575 782 1611 substantia
816 1578 933 1611 totum
968 1575 1123 1622 quodam

73 1635 182 1671 modo
197 1638 443 1681 repraesentet
458 1635 678 1682 universum,
696 1637 805 1682 prout
820 1635 866 1670 ad
882 1635 1000 1681 ipsum
1017 1636 1125 1669 refer-

74 1697 151 1737 tur3
179 1697 214 1729 et
242 1694 390 1741 quaevis
411 1705 492 1740 pars
514 1694 687 1729 materiae
707 1705 729 1729 a
749 1693 874 1740 quavis
895 1694 967 1729 alia
987 1693 1124 1740 aliquid

74 1753 243 1800 patiatur.
295 1753 365 1788 Sed
398 1764 471 1788 non
493 1753 692 1800 putandum
712 1756 776 1799 est,
800 1753 882 1788 idco
904 1753 988 1799 quia
1008 1753 1127 1788 infini-

75 1816 130 1847 tas
150 1814 291 1846 exercet
310 1812 480 1858 actiones,
509 1812 708 1858 quamlibet
731 1812 924 1859 actionem,
945 1814 981 1847 et
1001 1823 1127 1858 quam-

76 1870 164 1905 libet
191 1880 302 1915 aeque
332 1881 518 1917 exercere,
555 1881 636 1906 cum
665 1882 895 1917 unaquaeque
923 1871 1125 1906 substantia

75 1928 332 1964 determinatae
353 1929 398 1964 sit
418 1932 578 1964 naturae.
609 1930 728 1965 Unam
744 1933 865 1965 autem
887 1930 1126 1965 substantiam

75 1988 190 2023 solam
217 1987 372 2022 existere
399 1999 445 2023 ex
466 1988 511 2022 iis
531 1990 596 2034 est,
625 1999 715 2034 quae
742 1999 816 2023 non
836 1989 1054 2023 conveniunt
1075 1989 1126 2023 di-

74 2047 178 2082 vinae
193 2046 401 2093 sapientiae,
418 2047 580 2093 adeoque
595 2058 669 2081 non
686 2047 781 2092 fient,
803 2048 871 2082 etsi
887 2047 961 2081 fieri
978 2047 1125 2093 possint.
1154 2050 1155 2055 ’

132 2105 353 2151 paragraphi
382 2106 572 2151 postremi,
609 2105 709 2150 cujus
740 2106 884 2140 initium
913 2109 984 2140 est:
1023 2106 1127 2140 Sola
1154 2107 1156 2120 “

74 2164 226 2199 anima
256 2163 300 2198 in
328 2164 507 2199 homine
535 2165 688 2200 libera
715 2168 801 2210 cst,
824 2169 909 2210 ete,
938 2175 1011 2199 non
1040 2164 1126 2198 satis
1154 2159 1156 2183 ἶ

75 2233 223 2269 scopum
244 2223 411 2269 percipio.
451 2223 556 2264 Quod
577 2223 697 2258 anima
718 2234 790 2258 non
812 2223 985 2267 volendo,
1015 2223 1052 2257 id
1074 2226 1127 2258 est

74 2293 146 2328 qua
161 2282 357 2328 spiritualis
378 2293 438 2317 scu
460 2282 573 2316 libera
595 2286 658 2329 est,
682 2282 743 2317 sed
765 2285 804 2317 ut
825 2281 1030 2317 Entelechia
1051 2293 1128 2317 cor·
1155 2268 1157 2313 ἶ

76 2341 172 2390 poris
201 2340 386 2386 primitiva
413 2340 574 2387 adeoque
603 2352 677 2376 non
712 2341 779 2376 nisi
807 2342 1002 2376 seeundum
1032 2342 1128 2387 leges
1155 2336 1157 2347 '

75 2399 305 2435 Meclianicas
326 2399 454 2435 influat
475 2401 512 2434 in
534 2400 693 2435 actiones
714 2401 887 2446 corporiS,
904 2400 984 2444 jam
1005 2400 1128 2435 monui
1156 2414 1157 2421 ¹

76 2458 189 2493 literis
210 2458 516 2504 praecedentibus.
554 2459 595 2493 In
616 2459 752 2494 schedis
772 2462 893 2494 autem
914 2459 1064 2494 Gallicis
1085 2460 1128 2494 de

77 2519 272 2561 systemate
292 2517 501 2551 harmoniae
522 2518 788 2562 praestabilitae
815 2519 1023 2564 agentibus,
1053 2519 1128 2553 ani-

78 2585 175 2609 mam
198 2576 335 2608 tantum
357 2578 396 2609 ut
417 2575 666 2622 substantiam,
688 2587 761 2610 non
781 2579 821 2610 ut
843 2576 948 2611 simul
969 2577 1129 2623 eorporis

78 2633 320 2668 Entelecliiam
347 2633 589 2678 consideravi,
626 2635 709 2679 quia
737 2635 804 2668 hoc
823 2634 868 2668 ad
895 2646 992 2681 rem,
1020 2646 1129 2680 quam

78 2696 162 2727 tunc
182 2691 343 2736 agebam,
376 2692 419 2726 ad
450 2691 702 2736 explicandum
724 2693 896 2727 nimirum
916 2704 1129 2728 consensum

75 2751 169 2786 inter
185 2761 312 2796 corpus
333 2754 369 2785 et
385 2753 553 2795 mentem,
572 2762 641 2784 non
657 2751 879 2797 pertinebat,
900 2762 1012 2797 neque
1032 2752 1130 2786 aliud

695 2810 882 2844 Praeterea
903 2810 949 2844 ad
969 2811 1130 2845 actiones

78 2869 281 2904 mechanica
311 2868 386 2913 lege
415 2868 609 2914 exercitas,
646 2878 719 2902 non
747 2868 953 2903 Enteleeliia
988 2872 1130 2904 tantum
1158 2868 1160 2881 ²

77 2822 99 2845 a
119 2809 336 2844 Cartesianis
366 2809 648 2844 desiderabatur.

78 2927 276 2972 adaequata
304 2927 464 2973 corporis
492 2926 660 2972 organici,
690 2926 750 2961 sed
772 2938 896 2961 omnes
917 2927 1025 2962 etiam
1047 2938 1130 2962 con-

78 2989 225 3021 currunt
239 2986 462 3021 Enteleeliiae
478 2985 656 3031 partiales.
687 2985 780 3020 Nam
798 2985 890 3019 vires·
912 2985 1130 3021 derivativae

79 3055 161 3079 cum
169 3045 241 3079 suis
251 3045 450 3079 actionibus
461 3048 540 3078 sunt
553 3044 834 3079 modificationes
850 3044 1127 3090 primitivarum,

80 3103 178 3148 quod
192 3104 227 3137 in
244 3103 381 3138 Latinis
398 3103 488 3138 meis
509 3114 590 3137 eum
611 3103 810 3138 Sturmio
831 3103 1129 3139 collocutionibus

79 3160 294 3207 explicatum
317 3165 380 3207 est,
402 3163 623 3208 alterumque
643 3162 745 3197 alteri
767 3161 937 3205 conjungi
959 3162 1075 3197 debet.

138 3219 322 3265 Intelligis,
350 3221 526 3266 plerisque
547 3220 809 3264 objectionibus
831 3221 933 3256 facile
953 3221 1128 3267 satisfieri,

81 3278 110 3311 si
133 3278 179 3312 ad
207 3278 302 3323 leges
330 3279 465 3314 formae
493 3283 714 3314 revocentur.
754 3280 844 3315 Rem
873 3279 988 3325 ipsam
1009 3282 1130 3314 autem

83 3340 159 3371 tum
186 3336 344 3371 maxime
372 3340 493 3383 patere
512 3338 681 3386 arbitror,
713 3349 793 3375 cum
814 3339 852 3374 in
872 3338 1055 3374 Breviario
1076 3341 1129 3374 to-
1159 3363 1160 3366 η

770 128 840 164 AD
869 127 958 164 DES
987 126 1152 164 BOSSES
1182 126 1442 164 EPISTOLAE
1472 128 1500 164 I.
1525 150 1576 154 —
1599 128 1694 165 VIII.

2144 121 2229 168 437

1177 220 1248 256 tius
1270 221 1454 257 doctrinae
1473 226 1683 270 conspectus
1711 222 1840 270 aliquis
1861 224 1909 260 ob
1931 224 2052 260 oeulos
2069 226 2227 271 ponitur,

1175 280 1236 325 qui
1257 280 1379 315 haberi
1400 284 1537 328 potest,
1565 282 1647 317 licet
1668 282 1827 318 nondum
1857 294 1981 319 omncs
2001 284 2230 321 difficultates

1175 339 1221 373 ad
1243 340 1363 374 vivum
1393 343 1550 375 resectae
1576 340 1784 388 habeantur,
1813 353 1896 377 eum
1926 344 2046 389 potius
2066 344 2129 378 illa
2150 344 2228 391 ipsa

1175 398 1367 433 collatione
1387 399 1546 433 maxime
1567 399 1751 434 tollantur.
1803 400 1853 436 Ut
1873 404 2009 437 taceam
2032 404 2138 450 vulgo
2160 404 2229 439 sal-

1145 497 1147 505 s
1176 457 1232 492 vis
1251 457 1374 492 multis
1394 457 1660 492 difficultatibus
1680 462 1874 501 systemata
1895 464 2000 496 stare.
2039 461 2119 497 Tali
2141 473 2228 508 ergo

72 519 174 554 finita
194 530 271 554 esse
294 528 429 562 organa
453 518 491 553 in
512 517 678 552 animalis
696 528 858 564 corpore,
879 518 950 552 alia
969 517 1049 552 aliis
1068 516 1119 551 in·
1145 507 1147 537 ἶ

1176 527 1305 562 operae
1330 526 1456 550 manus
1483 515 1651 550 admoliri
1679 518 2001 554 fructuosissimum
2028 525 2163 567 putem,
2192 524 2229 556 et

1176 581 1253 610 tum
1267 574 1526 621 appariturum,
1544 573 1629 620 quid
1637 575 1751 609 adhue
1761 576 1986 620 potissimum
1997 579 2226 615 desideratur.

1234 633 1547 669 Ptolomaeum
1563 635 1727 668 nostrum
1743 633 1811 669 sibi
1827 637 1999 678 gratulari
2014 641 2114 684 puto,
2132 639 2228 684 quod

1178 692 1292 728 honor
1313 692 1346 726 ei
1367 692 1443 727 sine
1464 703 1571 727 onere
1591 691 1732 738 obtigit,
1756 703 1841 728 nam
1862 694 2003 739 publice
2018 696 2146 740 dignus
2167 698 2230 733 lia·

1178 752 1275 787 bitus
1295 754 1352 786 est
1371 752 1433 798 qui
1453 751 1652 796 eligeretur.
1690 751 1788 798 Opus
1809 751 1886 796 ejus
1908 755 2002 799 quod
2024 761 2148 791 mutuo
2168 757 2229 792 de-

1179 811 1293 857 deras,
1322 821 1388 857 pro
1416 821 1487 856 quo
1517 810 1646 845 multas
1672 810 1805 853 gratias
1832 822 1920 858 ago,
1955 818 2064 858 prout
2085 814 2231 858 jussum

1179 873 1255 905 erat
1276 869 1357 905 misi
1387 869 1478 905 Rdo.
1500 869 1599 904 Patri
1622 869 1729 904 vestri
1746 870 1912 917 Ordinis,
1945 872 2006 916 qui
2029 873 2083 907 liic
2111 876 2233 909 vestra

1180 940 1280 964 sacra
1301 928 1388 964 obit.
1434 928 1540 970 Quod
1561 931 1739 975 superest,
1765 929 1863 976 vale,
1895 932 1930 964 et
1952 931 2044 966 save.
2090 932 2233 969 Dabam

1179 989 1391 1024 Hanoverae
1416 987 1479 1022 11.
1501 987 1624 1023 Martii
1650 987 1775 1022 1706.

1762 1045 2027 1082 Deditissimus.

1586 1104 1741 1140 Godef.
1771 1105 2203 1145 Gui1.Leibnitius.

1239 1165 1279 1200 P.
1301 1164 1333 1199 S.
1379 1164 1469 1199 Cum
1490 1166 1682 1211 tempestas
1703 1164 1741 1199 in
1761 1163 1890 1200 melius
1910 1168 2051 1201 mutata
2072 1166 2236 1202 videatur

1181 1223 1288 1260 hodie
1316 1223 1558 1269 Brunsvigum
1586 1234 1674 1258 mox
1702 1223 1882 1258 rediturus
1909 1235 1998 1259 sum.
2027 1225 2088 1260 17.
2110 1227 2233 1261 Martii

1186 1283 1203 1317 I
1215 1284 1231 1317 7
1240 1284 1262 1317 0
1271 1283 1307 1317 6.

1239 1342 1376 1376 Literas
1411 1340 1542 1376 rectius
1583 1340 1719 1386 accipio
1767 1341 1797 1375 si
1835 1344 2001 1376 vecturae
2030 1342 2236 1378 ordinariae

1182 1401 1463 1446 Hanoveranae,
1504 1410 1613 1445 quam
1641 1400 1670 1434 si
1707 1399 1887 1445 Magistro
1923 1401 2115 1436 Postarum
2149 1402 2235 1437 Cae-

1183 1470 1284 1494 sareo
1322 1458 1606 1493 committantur.
1675 1459 1827 1493 Vectura
1863 1462 1917 1494 ter
1952 1460 2141 1495 minimum
2172 1472 2236 1508 per

1181 1518 1418 1565 septimanam
1439 1520 1618 1552 commeat
1638 1517 1733 1552 ultro
1748 1518 1920 1564 citroque.

1472 1808 1842 1845 EPISTOLA
1883 1810 1945 1845 111.

1336 1891 1594 1927 Admodum
1630 1892 1897 1927 Reverendo
1932 1893 2088 1939 Pater,

1238 1985 1364 2020 Libros
1385 1996 1474 2030 quos
1493 1985 1682 2019 remiseras
1703 1989 1796 2020 recte
1819 1986 1948 2031 accepi.
1978 1986 2124 2021 Utinam
2146 1990 2240 2023 esset

1183 2045 1221 2079 in
1243 2055 1315 2090 quo
1346 2043 1412 2078 tibi
1440 2044 1562 2078 utilior
1592 2056 1667 2078 esse
1698 2045 1857 2089 sossem!
1895 2045 2073 2079 Hactenus
2093 2045 2240 2080 distrac-

1184 2103 1356 2148 tisfflmus,
1374 2113 1469 2136 nunc
1486 2102 1641 2147 primum
1659 2103 1897 2148 respondendi
1909 2103 2027 2137 officio
2044 2104 2239 2152 satisfacio,

1185 2166 1221 2197 et
1242 2172 1365 2196 morae
1386 2160 1528 2194 veniam
1550 2163 1644 2206 peto.

1243 2221 1377 2265 Credo,
1422 2219 1452 2253 si
1489 2219 1718 2265 superfuisset
1753 2219 1887 2253 diutius
1928 2219 2001 2254 Pel
2015 2220 2239 2267 issouius,

1184 2280 1271 2315 utile
1290 2278 1424 2324 aliquid
1445 2282 1626 2324 praestare
1647 2278 1816 2324 potuisse,
1838 2279 1899 2313 sed
1917 2278 2116 2314 Meldensis
2138 2280 2240 2327 Epis-

1184 2350 1294 2385 copus
1315 2338 1480 2382 (quieum
1501 2337 1747 2372 continuatum
1770 2340 1823 2371 est
1837 2337 2043 2383 aliquandiu
2064 2349 2240 2374 commer-

1185 2399 1298 2441 cium)
1326 2407 1530 2443 quanquam
1560 2396 1722 2442 superior
1750 2396 1812 2430 illo
1841 2396 1990 2431 seientia
2011 2396 2240 2445 Theologica,

1187 2461 1320 2502 tamen,
1336 2457 1366 2490 si
1383 2456 1499 2490 dicere
1516 2456 1568 2490 sas
1584 2458 1648 2498 est,
1667 2454 1918 2489 inliniorvisus
1935 2458 1988 2490 est
2005 2456 2240 2492 humanitate.

1247 2516 1375 2551 Fateor
1405 2514 1710 2549 demonstratione
1739 2517 1837 2548 certa
1865 2514 1972 2548 nobis
2001 2514 2126 2561 data,
2163 2527 2238 2551 non

1187 2587 1262 2610 esse
1283 2585 1434 2618 neeesse,
1457 2573 1570 2608 nostri
1587 2572 1702 2618 gratia
1718 2571 1795 2615 (sed
1814 2575 1951 2608 tantum
1970 2577 2116 2620 propter
2130 2575 2238 2619 alios)

1187 2638 1225 2669 ut
1247 2632 1509 2676 objsetionibus
1539 2631 1834 2677 respondeamus:
1861 2632 1921 2667 sed
1943 2633 2013 2667 lioe
2030 2637 2152 2668 tamen
2175 2645 2238 2668 no-

1187 2693 1242 2727 bis
1262 2702 1402 2737 semper
1423 2690 1591 2736 prodesse
1606 2692 1706 2735 puto,
1731 2700 1811 2723 cum
1828 2690 1982 2726 distieilis
1999 2692 2156 2735 objectio
2172 2700 2237 2738 est,

1187 2762 1301 2796 neque
1321 2760 1478 2794 unquam
1508 2760 1584 2782 esse
1612 2749 1864 2792 defugiendum
1885 2760 1907 2784 a
1928 2751 2069 2796 peritis:
2098 2751 2238 2786 sublata

1187 2810 1283 2845 enim
1304 2808 1465 2854 speciosa
1486 2808 1694 2841 difficultate
1715 2818 1808 2842 nova
1831 2809 1893 2843 lux
1915 2809 2073 2855 affulget.
2114 2811 2238 2854 Itaque.

1187 2879 1263 2912 ego,
1285 2867 1350 2902 etsi
1372 2867 1507 2912 passim
1536 2870 1650 2900 certus
1675 2867 1944 2913 sententiarum,
1974 2871 2092 2903 tamen
2120 2867 2237 2910 objec-

1188 2928 1301 2962 tiones
1337 2935 1421 2960 amo
1450 2925 1665 2971 plausibiles,
1703 2928 1739 2959 et
1773 2930 1861 2971 puto
1900 2938 2039 2973 semper
2073 2924 2236 2960 satisfieri

1186 2996 1307 3032 posse:
1329 2994 1413 3018 nam
1435 2987 1464 3020 si
1480 2994 1550 3029 qua
1570 2986 1660 3019 esset
1674 2983 1819 3031 invicta,
1843 2996 1886 3020 ea
1899 2984 2237 3020 demonstrationem

1188 3045 1223 3079 in
1245 3043 1463 3078 eontrarium
1484 3053 1556 3077 non
1577 3044 1719 3078 faceret.

1248 3102 1270 3136 2
1282 3100 1313 3135 ⁰.
1345 3101 1419 3136 Nec
1436 3101 1540 3136 video
1555 3113 1618 3137 cur
1632 3105 1881 3146 argumentum
1900 3101 2012 3146 magis
2026 3100 2072 3134 sit
2087 3099 2235 3134 demon-

1188 3161 1314 3196 stratio
1335 3160 1599 3207 affirmationis,
1622 3172 1730 3207 quam
1746 3160 1901 3204 objectio
1922 3158 2133 3202 negationis.
2164 3159 2235 3194 Ita-

1188 3230 1256 3265 que
1278 3230 1350 3254 non
1371 3219 1504 3265 largior
1524 3220 1707 3267 Baylio,
1729 3223 1791 3254 aut
1810 3218 1911 3254 alteri
1934 3216 2111 3263 cuiquam,
2133 3228 2236 3263 posse

1188 3279 1365 3313 rationem
1376 3278 1456 3313 fidei
1472 3283 1684 3323 argumenta
1698 3276 1904 3313 insolubilia
1914 3285 2105 3322 opponere,
2121 3287 2236 3322 neque

1187 3349 1269 3374 cum
1290 3338 1322 3373 H
1333 3337 1460 3373 uetio
1481 3341 1517 3373 et
1537 3335 1850 3384 Jacquelotio,
1875 3333 1958 3377 (etsi
1981 3333 2066 3369 viris
2089 3334 2234 3381 insigni-

1694 3394 1745 3428 56
