2361 3643
619 114 734 152 LXII.

95 210 241 248 Interim
261 209 387 255 sentio,
409 209 553 255 proprie
574 209 766 256 loquendo,
796 208 975 244 infinitum
995 219 1042 244 ex
1061 219 1140 255 par-

95 269 190 305 tibus
210 271 378 303 constans
399 278 514 313 neque
534 278 646 303 unum
667 280 742 304 esse
762 279 877 315 neque
904 271 1038 314 totum,
1075 278 1140 303 nec

93 327 162 363 nisi
190 338 252 373 per
277 327 461 362 notionem
492 327 622 362 mentis
649 327 802 374 concipi,
832 329 871 363 ut
891 327 1137 374 quantitatem.

89 386 211 421 Solum
239 386 422 421 infinitum
450 386 669 432 impartibile
697 396 810 422 unum
837 389 902 434 est,
929 386 993 421 sed
1020 387 1137 421 totum

92 455 165 480 non
186 447 257 479 est:
280 444 316 479 id
338 445 517 480 inlinitum
537 448 592 479 cst
613 445 744 480 DEUS.

149 504 237 539 Vale
245 507 282 539 et
296 505 388 540 save.
407 504 547 540 Dabam
555 504 767 539 Hanoverae
781 504 795 538 l
814 502 1004 550 Septemb.
1019 503 1036 538 1
1046 503 1064 537 7
1073 503 1138 539 06.

678 562 932 597 Deditissiinus

496 620 652 657 Godef.
685 621 799 657 Guil.
831 620 1107 657 LeibnitiuS.

394 912 758 948 EPISTOLA
799 912 842 946 V.

266 993 520 1029 Admodum
548 993 799 1030 reverende
821 997 962 1041 pater,
1168 1009 1170 1039 ξ

147 1088 292 1123 Gratias
318 1099 387 1134 ago
408 1099 473 1134 pro
499 1087 826 1123 communicatione
852 1088 1138 1134 propositionum

90 1158 203 1194 nuper
231 1146 327 1193 apud
355 1158 419 1182 vos
447 1147 734 1194 reprobatarum,
762 1157 914 1193 quarum
942 1146 1138 1182 indiculum

90 1207 213 1252 utique
235 1209 308 1240 tam
330 1209 468 1241 mature
489 1208 526 1242 in
543 1207 667 1251 vulgus
683 1206 802 1253 spargi
824 1217 966 1241 necesse
986 1209 1137 1242 nonest.

147 1265 272 1308 Angeli
303 1276 377 1300 non
404 1268 486 1300 sunt
507 1265 732 1300 Entelechiae
752 1276 957 1312 corporum,
987 1266 1050 1300 sed
1071 1265 1139 1312 ipsi

88 1326 126 1358 ct
154 1324 396 1369 Enteleehias,
425 1334 553 1370 nempe
574 1325 733 1369 Mentes,
764 1327 798 1358 01
827 1324 987 1369 Corpora
1014 1325 1135 1371 etiam,

88 1393 170 1417 meo
194 1381 332 1425 judicio
353 1382 496 1428 habent,
525 1393 616 1427 quae
636 1382 747 1417 etiam
767 1382 999 1427 311111100111111
1022 1383 1138 1418 Eccle-

84 1441 158 1476 5130
178 1441 378 1475 Doctorum
406 1451 477 1475 non
499 1451 693 1486 paucorum
713 1441 889 1475 sententia
915 1441 995 1487 suit,
1027 1452 1048 1475 a
1067 1451 1138 1487 qua

85 1502 227 1546 praeter
260 1498 508 1534 necessitatem
544 1510 722 1535 recessum
750 1502 822 1543 est,
860 1502 895 1533 et
924 1499 1025 1544 1111351
1062 1510 1136 1534 11011

85 1559 171 1594 53115
191 1561 303 1605 05501,
331 1569 453 1593 veram
481 1558 519 1593 in
539 1559 813 1606 perplexitatem
843 1558 1034 1593 accersitae
1054 1561 1138 1593 sunt

86 1617 241 1653 fictitiae.
302 1618 431 1663 Angeli
460 1628 544 1659 ereo
565 1629 716 1664 corpora
744 1620 891 1652 movent
913 1629 1070 1664 prorsus,
1098 1620 1138 1652 ut

86 1688 152 1712 nos
181 1677 343 1722 saeimuS,
372 1688 436 1712 nec
461 1677 621 1712 delinitio
651 1680 851 1712 vestrorum
878 1676 1015 1711 decima
1042 1688 1138 1711 nona

88 1736 176 1771 mihi
199 1736 349 1771 adversa
376 1740 442 1772 est.
501 1736 594 1771 Illud
623 1746 746 1772 verum
775 1737 849 1781 est,
878 1737 992 1771 solum
1021 1737 1138 1772 Dmm
1168 1741 1169 1749 ¹

87 1806 201 1829 novas
222 1794 325 1840 vires,
354 1806 466 1830 novas
485 1795 698 1830 directiones
717 1794 890 1830 materiae
910 1806 1014 1842 posse
1040 1795 1139 1841 dare,

89 1865 151 1888 seu
173 1855 292 1888 motus
311 1854 373 1898 qui
394 1865 441 1889 ex
461 1853 540 1897 ejus
556 1853 716 1900 pristinis
732 1854 947 1889 Entelechiis
963 1865 1034 1890 non
1056 1865 1140 1890 con-

88 1914 302 1958 sequantur,
330 1913 367 1947 id
391 1912 437 1948 ad
459 1912 631 1948 miracula
652 1913 837 1959 pertinere.
898 1913 1012 1948 Nosse
1032 1914 1140 1949 velim

89 1983 136 2007 311
157 1971 251 2017 apud
274 1982 338 2005 vos
369 1972 551 2006 contraria
581 1983 681 2007 meae
702 1972 825 2018 opinio
845 1971 890 2006 de
911 1972 1059 2017 Angelis
1080 1972 1141 2007 de-

92 2030 193 2066 finita
227 2029 411 2065 habeatur.
471 2030 606 2066 Merito
634 2029 756 2073 rejecti
792 2033 875 2065 50111.
904 2031 964 2076 qui
985 2031 1142 2075 Angelos

87 2100 215 2125 omnes
243 2093 443 2125 creaturam
471 2100 681 2136 corpoream
710 2100 786 2124 esse
819 2092 1039 2135 statuerunt3
1081 2089 1144 2124 sed

90 2149 156 2184 1100
184 2147 229 2182 311
256 2159 317 2183 005
343 2160 416 2184 11011
445 2149 612 2195 pertinet,
641 2148 701 2194 qui
730 2159 855 2183 onmes
884 2152 1040 2197 mentes,
1069 2149 1142 2184 imo

91 2206 333 2254 Entelechias,
354 2208 582 2254 incorporeas
598 2219 675 2242 esse
695 2210 902 2253 agnoscunt.

147 2265 402 2302 Dil'licultatem
422 2278 532 2313 quam
552 2266 666 2301 adhuc
687 2277 810 2301 moves
832 2266 876 2300 de
906 2268 1049 2312 peccato
1071 2265 1142 2301 ori-

87 2325 192 2371 ginis,
213 2335 287 2360 non
309 2326 396 2361 satis
417 2326 590 2369 intelligo.
621 2326 704 2360 Non
720 2329 773 2359 1151,
790 2325 902 2360 virtus
917 2324 1057 2371 agendi,
1081 2324 1142 2359 sed
1164 2306 1171 2359 l

88 2385 233 2419 virtutis
252 2385 380 2430 agendi
402 2385 663 2432 imperfectum,
696 2387 734 2418 ut
754 2384 970 2430 ignorantia,
1000 2383 1140 2419 vitium.

89 2444 157 2478 Per
186 2443 442 2489 impedimenta
476 2447 596 2480 31110111
632 2443 812 2490 prodeunt
845 2443 1016 2489 actiones,
1051 2454 1142 2489 quae

91 2501 166 2535 sine
189 2501 276 2546 ipsis
297 2514 370 2537 non
392 2502 587 2548 prodirent,
619 2506 658 2538 ut
679 2502 823 2545 frigoris
843 2503 1010 2549 exemplo
1032 2506 1141 2549 patet.

90 2559 164 2594 Nec
191 2560 366 2603 majorem
394 2560 603 2596 distantiam
631 2561 795 2607 concipio
828 2561 921 2595 inter
956 2565 1141 2606 peccatum

91 2617 256 2665 originis,
278 2622 313 2653 et
334 2619 473 2665 vitium,
496 2630 605 2664 quam
622 2620 713 2654 inter
729 2619 891 2654 habitum
911 2620 1086 2665 innatum,
1109 2623 1144 2655 et

91 2676 319 2723 acquisitum.
363 2677 502 2712 Vitium
530 2678 693 2723 intelligo
720 2678 827 2723 quale
856 2678 1145 2714 Aristoteles

89 2736 214 2771 virtuti
234 2735 363 2771 morali
384 2736 548 2782 opponit.

148 2794 342 2841 Nunquam
373 2798 533 2831 versatur
563 2795 747 2840 Perceptio
766 2794 860 2829 circa
881 2794 1083 2841 objectum,
1106 2795 1143 2829 in

91 2865 163 2900 quo
190 2865 264 2889 non
294 2855 340 2889 sit
369 2854 490 2899 aliqua
511 2853 677 2899 varietas,
707 2864 767 2887 seu
797 2853 1007 2889 multitudo:
1038 2854 1143 2895 Quod

92 2923 174 2948 cum
195 2913 263 2949 tibi
290 2913 338 2948 sit
365 2913 708 2960 exploratissimum,
738 2912 852 2946 miror
879 2912 937 2947 hic
958 2912 1142 2948 difficulta-

89 2975 165 3007 tem
185 2976 375 3019 repertam.

149 3031 265 3067 Miror
284 3032 395 3067 etiam
414 3030 512 3076 quod
533 3030 761 3066 Universalia
789 3030 856 3064 hue
877 3030 1016 3065 afferas.
1056 3029 1143 3065 Uni-

92 3091 228 3125 versale
243 3093 295 3125 est
311 3101 421 3128 unum
436 3090 473 3125 in
490 3090 626 3135 multis,
643 3100 703 3125 seu
721 3089 913 3124 multorum
931 3088 1141 3135 similitudo,

93 3147 156 3182 sed
190 3159 270 3183 cum
305 3149 519 3196 percipimus
553 3150 804 3195 exprimuntur
837 3147 950 3183 multa
986 3147 1021 3181 in
1057 3158 1142 3194 0110,

93 3216 223 3252 nempe
242 3206 321 3252 ipso
337 3208 562 3255 percipiente.
595 3208 703 3243 Vides
723 3219 831 3253 quam
851 3207 936 3241 haec
956 3206 1097 3241 distent.

152 3265 268 3300 Miror
288 3266 397 3301 etiam
417 3278 479 3302 cur
494 3267 591 3302 dicas
611 3267 744 3302 animal
765 3278 840 3302 0550
859 3265 1062 3301 machinam
1082 3276 1143 3300 na-

95 3326 207 3371 turae,
234 3335 327 3371 quae
352 3325 481 3362 habeat
509 3326 751 3364 Entelechiam
780 3325 1007 3374 perceptione
1042 3334 1142 3372 prae-
1170 3333 1171 3366 j

1170 2081 1172 2095 l

797 115 865 151 AD
896 115 985 151 DES
1015 114 1179 150 BOSSES
1210 114 1470 151 EPISTOLAE
1501 115 1527 151 I.
1556 135 1599 140 —
1626 114 1721 151 vm.

2162 102 2246 147 439

1197 209 1328 244 ditam:
1359 219 1443 244 nam
1473 220 1519 244 ex
1548 219 1628 244 mea
1657 206 1864 244 definitione
1893 208 1992 253 patet
2012 215 2156 240 omnem
2178 205 2246 241 En-

1195 267 1381 303 telechiam
1418 268 1663 314 (primitivam
1691 261 1848 314 seilicet)
1885 264 2112 312 perceptione
2146 276 2246 311 prae-

1194 326 1307 361 ditam
1327 338 1422 372 esse,
1454 330 1491 362 at
1522 327 1602 362 ideo
1617 327 1750 361 animal
1772 335 1913 372 semper
1934 324 2079 371 prodire.
2099 334 2172 358 non
2192 326 2246 358 cst

1191 396 1254 421 cur
1273 385 1476 421 admittam.

1253 444 1392 480 Videris
1420 443 1574 479 nimium
1604 442 1671 477 tibi
1699 442 1766 488 ipsi
1788 441 1961 488 diffidere,
1990 444 2025 477 et
2045 439 2245 477 solutiones

1195 514 1217 538 a
1237 513 1294 539 me
1314 506 1452 550 petere,
1481 512 1571 548 quas
1591 512 1656 547 pro
1678 501 1809 547 insigni
1829 501 1993 536 acumine
2019 503 2102 546 tuo,
2142 499 2244 535 nullo

1196 562 1353 608 negotio,
1376 562 1459 596 dare
1479 561 1554 607 ipse
1575 570 1706 605 posses.

1256 621 1312 667 Et,
1335 623 1374 655 ut
1389 631 1494 666 saepe
1510 618 1599 664 dixi,
1617 617 1646 652 si
1663 617 1742 663 quis
1756 617 1978 652 Breviarium
1994 616 2244 663 Philosophiae

1195 680 1366 716 conticere
1392 681 1521 724 tentet,
1565 676 1716 711 nebulae
1743 687 1835 722 quae
1869 687 2053 722 superesse
2079 675 2244 711 videntur

1196 742 1321 775 mutua
1341 737 1609 773 collustratione
1629 745 1748 770 rerum
1770 734 2049 781 dissipabuntur.

1253 797 1309 833 Ex
1337 797 1482 832 Batavis
1508 796 1554 831 ad
1581 806 1638 830 me
1664 794 1836 840 scriptum
1865 796 1937 839 est,
1969 793 2020 828 ibi
2049 804 2153 837 agere
2172 793 2242 827 Dn.

1195 856 1483 899 Quesnellum
1511 866 1558 890 ex
1578 852 1862 898 Congregatione
1882 851 2052 898 Oratorii,
2081 853 2244 897 elapsum

1194 927 1241 951 ex
1273 926 1429 962 carcere,
1472 915 1508 950 in
1542 924 1650 960 quem
1690 911 1891 955 conjecerat
1929 921 2012 945 eum
2050 911 2246 957 Episcopus

1168 990 1170 1005 ι
1194 974 1473 1019 Μ1101111111011515,
1498 973 1667 1019 variaque
1682 970 1801 1006 moliri
1818 969 1970 1016 scriptis,
1993 972 2031 1004 ut
2052 969 2244 1004 111-11111111

1194 1045 1367 1080 suamque
1379 1032 1685 1068 existimationem
1701 1029 1876 1065 sententia
1885 1028 2151 1075 Archiepiscopi
2166 1039 2244 1073 gra-

1196 1097 1334 1140 vatam,
1356 1095 1508 1128 tueatur.
1540 1091 1667 1137 Ajunt,
1687 1089 1818 1136 scripta
1838 1087 1915 1131 ejus
1936 1087 2116 1134 pleraque,
2137 1097 2246 1121 omne

1195 1152 1447 1189 commercium
1474 1151 1692 1195 litterarum,
1727 1147 1822 1194 quod
1849 1146 2078 1193 Arnaldo,
2114 1147 2150 1181 ct
2177 1144 2246 1191 ipsi

1195 1211 1448 1254 Quesnello
1469 1222 1491 1246 3
1514 1209 1636 1244 11101115
1655 1208 1757 1243 3111115
1772 1217 1853 1242 eum
1873 1205 1956 1241 aliis
1976 1204 2186 1251 intercessit,
2209 1203 2247 1239 in

1196 1274 1396 1306 vestrorum
1424 1280 1551 1304 manus
1578 1266 1780 1303 devenisse:
1812 1264 1906 1300 unde
1934 1274 2000 1308 ego
2030 1264 2160 1298 selecta
2187 1262 2246 1298 edi

1196 1334 1369 1377 optarem,
1400 1328 1462 1364 sed
1490 1327 1605 1372 magis
1635 1337 1726 1372 quae
1753 1324 1799 1359 ad
1828 1324 2021 1359 utilitatem
2049 1322 2244 1369 publicam,

1195 1399 1303 1435 quam
1332 1399 1423 1435 quae
1460 1387 1504 1422 ad
1542 1386 1721 1433 parandos
1754 1383 1979 1419 adversarios
2014 1381 2244 1428 pertinerent.

1194 1448 1295 1483 Vale.
1326 1447 1469 1482 Dabam
1489 1446 1702 1480 Hanoverae
1720 1443 1786 1478 20.
1808 1442 1901 1488 Sept.
1930 1441 2056 1477 1706.

1787 1500 2042 1536 Deditissimus

1610 1559 1767 1596 Godef.
1800 1559 1916 1594 Guil.
1947 1556 2217 1593 Leibnitius.

1254 1621 1293 1656 P.
1309 1621 1341 1656 S.
1363 1621 1626 1665 Argumentum
1648 1617 2067 1653 Aristoteliscontra
2082 1626 2247 1662 vacuum,

1195 1680 1292 1727 quod
1311 1680 1349 1716 in
1370 1691 1481 1715 vacuo
1498 1682 1618 1714 motus
1633 1680 1773 1713 futurus
1788 1679 1881 1711 esset
1897 1676 2154 1721 instantaneus,
2176 1685 2250 1710 non

1195 1740 1283 1775 satis
1312 1740 1456 1774 firmum
1483 1742 1555 1785 est,
1591 1737 1754 1773 absolute
1782 1736 1981 1782 loquendo:
2021 1745 2105 1769 nam
2141 1735 2247 1779 linge,

1196 1800 1283 1835 dum
1299 1809 1427 1846 corpus
1444 1798 1481 1832 in
1498 1801 1599 1833 motu
1615 1798 1680 1843 est,
1695 1794 1901 1831 circumsita
1917 1806 1938 1830 a
1952 1795 2030 1829 Deo
2045 1792 2250 1839 annihilari,

1197 1870 1272 1893 non
1292 1858 1415 1904 utique
1435 1857 1517 1893 111110
1539 1859 1658 1891 motus
1678 1855 1789 1902 ipsius
1809 1856 2012 1899 augeretur.
2052 1851 2251 1887 Fatendum

1198 1921 1252 1952 est
1271 1916 1524 1962 nihilominus,
1561 1916 1626 1950 etsi
1655 1925 1728 1950 non
1754 1914 1799 1949 ad
1828 1913 2090 1958 necessitatem,
2129 1914 2250 1946 tamen

1199 1977 1244 2011 ad
1261 1976 1533 2019 congruentiam
1562 1973 1759 2019 pertinere,
1797 1975 1837 2007 ut
1862 1971 2024 2006 celeritas
2059 1980 2251 2016 corporum

1200 2035 1332 2070 limites
1355 2034 1485 2068 habeat
1505 2044 1571 2079 pro
1592 2032 1713 2066 medio
1742 2031 1779 2066 in
1807 2041 1878 2076 quo
1901 2033 2095 2065 versantur.
2127 2029 2252 2074 ltaque

1200 2105 1273 2129 non
1291 2103 1435 2139 prorsus
1452 2092 1495 2126 de
1512 2091 1624 2125 nihilo
1640 2093 1694 2125 est
1709 2088 1981 2124 Aristotelis
2000 2086 2250 2124 consideratio.

1259 2151 1410 2188 Veniam
1429 2154 1513 2198 peto
1533 2149 1763 2197 perturbatae
1783 2146 1998 2195 scriptionis.

1495 2438 1856 2477 EPISTULA
1897 2438 1957 2474 VI.

1377 2524 1626 2560 Admodum
1656 2520 1905 2558 reverende
1935 2522 2078 2567 pater,

1260 2621 1363 2664 Rogo
1384 2631 1429 2654 ne
1449 2629 1540 2663 111130
1561 2627 1583 2650 3
1604 2626 1661 2650 me
1683 2614 1863 2650 excitandi
1890 2614 2001 2649 animi
2022 2614 2138 2657 gratia
2159 2613 2253 2647 dicta

1202 2683 1297 2724 sunt,
1320 2679 1355 2713 in
1377 2677 1578 2722 sequiorem
1600 2678 1739 2720 partem
1759 2674 1922 2719 accipias.
1999 2664 2004 2666 ‚

1260 2737 1404 2773 Gratias
1419 2746 1487 2779 ago
1503 2746 1568 2781 pro
1585 2734 1664 2768 loco
1679 2733 1796 2768 Patris
1816 2731 2008 2768 Martini
2030 2730 2251 2777 Esparsae

1203 2796 1406 2842 exscripto,
1443 2793 1520 2837 ejus
1547 2792 1723 2838 quaedam
1753 2793 1841 2828 olim
1868 2793 1986 2837 legere
2013 2789 2179 2834 memini,
2215 2790 2251 2822 et

1203 2856 1298 2890 visus
1319 2857 1374 2890 est
1394 2854 1591 2900 peracutus.

1261 2912 1442 2948 Sententia
1471 2911 1515 2945 de
1541 2910 1750 2946 omnimoda
1781 2908 2003 2954 sejunctione
2032 2904 2250 2951 Angelorum

1202 2984 1224 3007 a
1245 2971 1468 3018 corporibus,
1501 2980 1574 3004 non
1595 2970 1794 3015 rationem,
1824 2979 1897 3003 non
1926 2967 2156 3011 scripturam.
2186 2960 2248 2995 sed

1203 3032 1319 3067 solam
1339 3030 1546 3076 opinionem
1567 3038 1795 3064 communem
1816 3027 2013 3062 scholarum
2035 3033 2101 3068 pro
2123 3019 2248 3054 funda-

1171 3123 1173 3127 ,
1201 3093 1323 3125 mento
1343 3089 1460 3124 habet.
1497 3088 1696 3124 Concilium
1717 3089 1956 3123 Lateranense
1977 3081 2070 3126 loqui
2093 3090 2166 3113 non
2188 3078 2247 3112 110-

1202 3149 1349 3195 finitive,
1373 3147 1432 3182 sed
1455 3147 1647 3182 discussive
1669 3158 1714 3181 ex
1732 3148 1873 3191 recepto
1895 3147 1976 3177 10111·
1998 3149 2115 3184 sensu,
2137 3136 2249 3172 verba

1200 3207 1286 3243 satis
1325 3206 1527 3242 ostendunt.
1594 3206 1644 3241 Ut
1689 3204 1802 3250 aliqui
1842 3200 1987 3244 Angeli,
2035 3207 2125 3242 quos
2165 3207 2248 3231 eum

1199 3266 1369 3302 Thoma
1401 3266 1607 3301 assistentes
1646 3275 1768 3308 vocas,
1804 3272 1826 3295 a
1853 3256 2061 3303 corporibus
2096 3255 2247 3299 sejuncti

1199 3325 1287 3374 sint,
1316 3336 1459 3374 prorsus
1479 3335 1591 3373 meae,
1620 3324 1656 3360 ni
1677 3322 1794 3366 fallor,
1823 3315 2145 3353 demonstrationes
2172 3324 2247 3349 11011

1661 3374 1759 3416 56*
