2361 3643
597 88 762 127 XXXII.

83 186 191 224 simul
211 187 247 222 et
267 185 404 222 felicius
424 184 513 220 nihil
535 186 610 233 est,
638 187 676 220 et
694 184 785 221 nihil
813 183 994 232 pulchrius
1014 182 1128 218 felici·
1156 210 1157 215 ,

84 249 228 292 tateque
254 245 397 292 dignius
426 244 579 291 intelligi
599 247 730 291 potest.
789 244 837 280 Et
856 254 938 280 cum
965 242 1063 279 idem
1083 242 1130 277 sit

83 305 269 353 potentiae
289 304 554 351 sapientiaeque
574 313 754 350 summae,
783 304 934 339 felicitas
960 301 1037 347 ejus
1056 311 1129 337 non

84 366 224 401 tantum
246 364 442 409 ingreditur
462 366 637 407 nostram,
669 363 718 407 (si
738 362 910 409 sapimus,
942 362 980 398 id
999 363 1066 408 est,
1097 359 1128 395 si

84 423 204 470 ipsum
224 419 406 473 amamus)
434 423 495 459 sed
515 426 551 459 et
571 422 669 458 facit.
729 421 822 463 Quia
841 424 962 456 autem
990 419 1129 468 sapien-

86 483 137 517 tia
157 483 345 518 caritatem
373 483 526 527 dirigere
546 482 672 527 debet,
703 479 810 523 hujus
836 490 979 526 quoque
1007 478 1128 515 defini·

87 541 185 577 tione
206 552 296 589 opus
318 541 400 576 erit.
451 541 619 577 Arbitror
640 542 760 574 autem
780 539 922 574 notioni
943 538 1128 574 hominum

86 600 226 647 optime
245 600 425 646 satisfieri,
448 600 487 634 si
516 598 798 646 sapientiam
826 598 915 633 nihil
936 598 1035 634 aliud
1055 608 1130 633 esse

86 658 266 705 dicamus,
304 669 413 704 quam
452 658 569 704 ipsam
598 656 786 692 seientiam
823 657 1015 692 felicitatis.
1075 655 1130 692 lta

86 728 208 753 rursus
228 718 266 752 in
288 717 542 752 felicitatis
564 717 750 751 notionem
770 716 1001 764 revolvimur,
1023 725 1131 762 quam

85 776 267 821 explicare
287 774 392 819 huius
413 774 482 810 loci
503 785 575 810 non
596 778 662 809 est.

144 834 203 868 Ex
230 835 297 869 hoc
322 833 401 878 jam
431 833 532 868 fonte
561 834 641 868 fluit
666 832 744 877 jus
774 835 994 881 naturae,
1032 831 1133 876 cujus

87 895 185 927 tres
223 896 304 928 sunt
333 892 521 938 gradus,
554 891 631 935 jus
668 891 882 928 strictum
920 892 958 927 in
990 890 1134 936 justitia

86 950 364 997 commutativa,
409 951 628 997 aequitas
674 951 756 994 (vel
793 951 1001 997 angustiore
1036 950 1134 986 vocis

87 1020 190 1046 sensu
210 1006 359 1058 caritas)
381 1010 417 1045 in
439 1009 584 1053 justitia
604 1009 845 1056 distributiva,
877 1010 1028 1056 denique
1047 1009 1135 1056 pie-

88 1072 159 1104 tas
190 1069 265 1113 (vel
284 1069 465 1116 probitas)
494 1069 534 1104 in
558 1067 700 1113 justitia
720 1069 931 1104 universali:
960 1069 1053 1105 unde
1073 1079 1134 1104 ne-

87 1127 223 1163 minem
243 1127 395 1174 laedere,
418 1139 523 1163 suum
543 1128 670 1174 cuique
690 1128 860 1174 tribuere,
892 1128 1040 1164 honeste
1061 1124 1135 1177 (vel

88 1187 208 1234 potius
229 1183 303 1236 pie)
327 1188 459 1234 vivere,
480 1186 630 1222 totidem
650 1187 916 1232 generalissima
937 1190 972 1222 et
992 1187 1136 1234 pervul-

90 1363 205 1398 bravi.

89 1421 318 1457 neminem
347 1421 621 1456 laedendum
649 1432 765 1468 esse,
788 1431 832 1456 ne
852 1422 955 1457 detur
975 1421 1009 1456 ei
1029 1421 1067 1457 in
1087 1421 1137 1456 ci-

90 1481 203 1516 vitate
223 1479 319 1515 actio
338 1483 442 1516 extra
462 1480 658 1526 civitatem,
683 1479 744 1523 jus
766 1479 866 1515 belli.
909 1481 1002 1515 Hinc
1023 1480 1136 1515 nasci-

91 1542 150 1575 tur
165 1538 320 1586 justitIa,
340 1549 448 1585 quam
470 1538 678 1585 Philosophi
698 1542 829 1575 vocant
849 1539 1138 1574 commutati-

91 1608 209 1646 vam,
242 1599 279 1633 et
299 1597 360 1642 jus
381 1598 478 1644 quod
499 1598 647 1633 Grotius
667 1598 825 1645 appellat
846 1599 1134 1634 facultatem.

91 1657 323 1705 Superiorem
342 1657 494 1702 gradum
515 1668 604 1693 voco
624 1657 906 1702 aequitatem
929 1658 983 1692 vel
1005 1657 1036 1692 si
1061 1668 1137 1692 ma-

92 1717 147 1752 vis
167 1716 354 1752 caritatem
375 1716 598 1763 (angustiore
618 1716 753 1752 seilicet
768 1713 890 1764 sensu)
913 1727 1022 1763 quam
1044 1717 1138 1752 ultra

91 1776 245 1822 rigorem
263 1774 357 1819 juris
377 1775 466 1810 meri
489 1775 533 1810 ad
553 1786 613 1810 eas
634 1785 776 1822 quoque
796 1777 1034 1821 obligationes
1054 1787 1138 1822 por-

91 1835 183 1881 rigo,
200 1844 248 1869 ex
269 1833 399 1880 quibus
419 1834 512 1870 actio
534 1835 578 1869 iis
598 1845 751 1881 quorum
771 1835 919 1871 interest
941 1846 1011 1870 non
1033 1836 1140 1870 datur

91 1904 164 1941 qua
193 1903 258 1929 nos
280 1895 430 1940 cogant,
461 1893 572 1929 veluti
600 1893 647 1929 ad
667 1894 941 1941 gratitudinem,
971 1894 1016 1929 ad
1038 1894 1139 1929 Elee-

91 1962 304 1998 mosynam,
330 1952 377 1987 ad
407 1963 498 1999 quae
527 1952 862 2000 aptitudinem,
896 1964 971 1989 non
992 1954 1140 1988 faculta-

91 2015 186 2052 tem,
217 2010 348 2047 habere
368 2011 496 2046 Grotio
522 2011 699 2046 dicuntur.
761 2011 808 2046 Et
834 2012 1140 2058 quemadmodum

91 2069 208 2107 infimi
228 2069 358 2115 gradus
379 2073 470 2116 erat,
501 2070 679 2105 neminem
701 2069 853 2118 laedere,
885 2073 936 2106 ita
957 2071 1067 2106 medii
1089 2074 1142 2106 est

90 2128 227 2166 cunctis
248 2129 436 2176 prodesse3
468 2129 530 2164 sed
552 2132 726 2175 quantum
746 2130 874 2176 cuique
891 2130 1060 2165 convenit
1080 2132 1142 2164 aut

92 2190 267 2236 quantum
286 2188 435 2234 quisque
456 2192 632 2234 meretur,
663 2188 807 2234 quando
836 2189 1002 2224 omnibus
1030 2198 1141 2235 aeque

93 2250 215 2284 favere
235 2257 309 2282 non
329 2247 427 2282 licet.
487 2248 612 2293 Itaque
633 2247 737 2290 hujus
757 2248 827 2283 loci
847 2252 900 2283 est
920 2247 1141 2284 distribu-

92 2307 192 2342 tiva
207 2305 350 2351 justitia
371 2309 405 2341 et
423 2309 651 2352 praeceptum
668 2306 770 2354 juris,
794 2307 889 2353 quod
910 2317 1035 2343 suum
1056 2306 1140 2342 cui-

92 2376 177 2412 que
196 2365 347 2401 tribui
370 2364 486 2409 jubet.
547 2366 667 2411 Atque
687 2365 754 2400 huc
774 2366 811 2400 in
833 2366 1029 2413 Republica
1050 2366 1140 2412 poli-

93 2425 185 2460 ticae
204 2425 299 2469 leges
320 2425 541 2471 referuntur,
572 2435 664 2470 quae
684 2424 892 2460 felicitatem
912 2425 1139 2460 subditorum

93 2486 297 2530 procurant,
329 2483 556 2530 efficiuntque
575 2484 731 2530 passim,
759 2487 799 2519 ut
818 2485 879 2530 qui
899 2484 1139 2531 aptitudinem

94 2544 237 2576 tantum
265 2541 456 2587 habebant,
488 2542 675 2588 acquirant
702 2543 922 2590 facultatem,
953 2543 991 2578 id
1019 2546 1075 2579 est
1101 2546 1141 2578 ut

95 2602 216 2646 petere
243 2599 398 2646 possint,
438 2600 534 2645 quod
561 2601 651 2636 alios
679 2612 834 2648 aequum
862 2606 916 2638 est
943 2605 1139 2649 praestare.

94 2658 142 2694 Et
160 2668 243 2693 cum
262 2658 301 2692 in
321 2658 431 2702 gradu
453 2657 541 2701 juris
562 2659 685 2695 infimo
706 2671 781 2696 non
800 2661 1067 2696 attenderentur
1087 2661 1139 2696 di-

94 2716 267 2753 scrimina
293 2716 501 2763 hominum,
532 2717 599 2751 nisi
625 2728 717 2763 quae
744 2730 792 2754 ex
813 2719 891 2765 ipso
912 2720 1057 2765 negotio
1078 2731 1140 2754 na-

95 2778 258 2822 scuntur,
290 2774 352 2809 sed
373 2786 496 2810 omnes
517 2775 678 2810 homines
707 2781 934 2812 censerentur
961 2779 1140 2824 aequales,

96 2845 194 2870 nunc
213 2837 334 2870 tamen
363 2834 398 2869 in
421 2834 484 2869 hac
512 2834 696 2879 superiore
723 2836 837 2879 gradu
857 2837 988 2871 merita
1007 2836 1140 2882 ponde-

96 2896 233 2940 rantur,
256 2893 350 2928 unde
366 2892 564 2939 privilegia,
581 2893 753 2939 praemia,
775 2905 924 2940 poenae,
946 2896 1064 2929 locum
1080 2895 1143 2930 lia-

96 2951 195 2987 bent.
255 2951 374 2993 Quam
393 2951 567 2997 graduum
590 2951 684 2995 juris
705 2951 943 2987 differentiam
964 2954 1143 2999 eleganter

99 3010 307 3057 Xenophon
320 3010 562 3057 adumbravit,
577 3010 661 3055 Cyri
683 3010 784 3057 pueri
804 3012 983 3058 exemplo,
1007 3012 1066 3057 qui
1087 3012 1141 3046 in-

99 3072 154 3104 ter
175 3068 265 3104 duos
283 3080 426 3116 pueros,
446 3080 601 3116 quorum
621 3070 750 3105 fortior
770 3080 852 3104 cum
871 3071 986 3106 altero
1008 3074 1141 3105 vestem

99 3138 163 3174 per
191 3127 268 3162 vim
286 3131 588 3176 commutaverat,
621 3129 716 3175 quod
738 3138 821 3164 suae
842 3131 1000 3164 staturae
1020 3132 1141 3174 togam

99 3185 257 3221 alienam
275 3187 452 3234 aptiorem
473 3187 681 3234 reperisset,
712 3197 814 3223 suam
843 3191 966 3235 togam
987 3191 1142 3224 staturae

99 3244 259 3291 alienae,
283 3244 400 3289 judex
420 3247 551 3293 lectus,
581 3257 650 3293 pro
670 3246 850 3294 praedone
871 3247 1140 3294 pronuntiarat:

100 3303 162 3339 sed
188 3313 211 3338 a
238 3307 376 3341 rectore
394 3305 600 3342 admonitus
620 3309 691 3353 est,
722 3317 793 3342 non
821 3306 944 3353 quaeri
970 3306 1034 3342 hoc
1061 3307 1141 3342 loco

811 88 876 126 DE
904 87 1191 126 NoTloNtssUS
1220 87 1351 125 JURIS
1379 87 1443 125 ET
1470 88 1726 127 JUSTITIAE.

1168 2823 1169 2831 ἵ
1198 2776 1359 2823 praemio
1389 2776 1448 2821 sit,
1480 2776 1619 2811 nullum
1648 2779 1833 2822 peccatum
1863 2776 1942 2811 sine
1972 2785 2100 2822 poena.

2153 88 2238 131 119

1185 182 1244 218 cui
1272 184 1358 228 toga
1386 184 1614 233 conveniret,
1646 184 1711 221 sed
1737 182 1838 230 cujus
1857 188 1968 234 esset,
1999 195 2149 223 usurum
2170 187 2236 223 ali-

1186 241 1331 287 quando
1351 243 1480 278 rectius
1509 244 1573 280 hac
1597 243 1784 288 judicandi
1811 245 1949 293 forma,
1980 256 2063 281 cum
2083 246 2237 293 ipsemet

1186 303 1288 346 togas
1309 300 1574 339 distribuendas
1593 307 1688 340 esset
1707 303 1908 340 habiturus.
1969 304 2136 352 Namque
2155 305 2236 353 ipsa

1185 360 1347 405 aequitas
1368 361 1474 396 nobis
1493 362 1531 397 in
1547 363 1700 409 negotiis
1714 362 1776 408 jus
1792 363 1967 410 strictum,
1989 364 2026 401 id
2046 367 2101 400 est
2119 364 2237 400 homi·-

1185 427 1272 453 num
1292 421 1545 466 aequalitatem
1566 422 1816 470 commendat,
1845 423 1914 459 nisi
1933 433 2015 459 cum
2035 424 2156 469 gravis
2176 435 2234 459 ra-

1185 476 1238 512 tio
1259 477 1346 512 boni
1365 479 1516 523 majoris
1544 480 1591 515 ab
1613 491 1655 515 ea
1675 482 1793 517 recedi
1812 481 1934 526 jubet.
1993 483 2235 519 Personarum

1185 538 1309 572 autem
1338 547 1430 582 quae
1450 542 1598 574 vocatur
1625 541 1782 586 acceptio
1811 552 1914 577 suam
1941 552 2013 577 non
2039 542 2077 577 in
2105 541 2237 577 alienis

1185 594 1294 630 bonis
1314 598 1598 644 commutandis,
1629 598 1692 633 sed
1712 599 1751 634 in
1770 600 1902 635 nostris
1922 600 1979 635 vel
2006 600 2160 648 publicis
2181 600 2235 636 ‹li-

1187 654 1405 689 stribuendis
1426 655 1547 690 sedem
1568 655 1686 694 habet.

1245 713 1459 760 Supremum
1485 714 1584 749 Juris
1620 716 1774 759 gradum
1808 716 2001 763 probitatis
2028 717 2086 752 vel
2114 717 2236 764 potius

1188 771 1388 818 pietatis
1416 773 1562 809 nomine
1582 775 1775 820 appellavi.
1836 775 1929 810 Nam
1950 776 2119 811 hactenus
2140 776 2237 812 dicta

1190 831 1241 866 sic
1260 830 1373 878 accipi
1393 835 1559 878 possunt,
1582 836 1622 868 ut
1641 832 1738 868 intra
1758 835 1920 868 mortalis
1940 835 2035 870 vitae
2055 838 2237 882 respectus

1189 893 1432 926 coerceantur.
1494 891 1541 926 Et
1563 890 1625 935 jus
1644 892 1790 937 quidem
1810 903 1951 927 merum
1979 893 2053 928 sive
2073 894 2236 929 strictum

1189 949 1347 985 nascitur
1366 960 1414 985 ex
1432 949 1610 996 principio
1629 951 1826 986 servandae
1847 952 1965 998 pacis,
1986 953 2145 998 aequitas
2160 953 2238 988 sive

1189 1008 1320 1044 caritas
1339 1008 1386 1044 ad
1406 1008 1523 1053 majus
1543 1009 1679 1055 aliquid
1698 1009 1898 1056 contendit,
1920 1013 1960 1046 ut
1980 1010 2067 1046 dum
2087 1011 2239 1057 quisque

1190 1067 1297 1103 alteri
1316 1066 1465 1114 prodest
1484 1071 1656 1114 quantum
1677 1071 1809 1115 potest,
1831 1069 2039 1105 felicitatem
2056 1080 2159 1105 suam
2175 1081 2238 1105 au-

1163 1157 1165 1163 <
1191 1129 1275 1171 geat
1294 1126 1331 1161 in
1350 1127 1489 1173 aliena,
1522 1130 1558 1162 et
1577 1129 1615 1162 ut
1634 1128 1747 1164 verbo
1768 1128 1884 1164 dicam
1907 1127 1968 1172 jus
1988 1128 2151 1163 strictum
2173 1130 2239 1164 mi-

1163 1228 1165 1231 ·
1194 1186 1326 1220 seriam
1347 1186 1448 1231 vitat,
1465 1185 1526 1230 jus
1548 1187 1709 1232 superius
1729 1187 1774 1222 ad
1797 1187 2006 1223 felicitatem
2027 1188 2153 1233 tendit,
2175 1187 2239 1223 sed

88 1248 172 1291 gata
187 1245 282 1290 juris
298 1250 488 1292 praecepta
503 1250 715 1283 nascuntur:
736 1246 1039 1292 quemadmodum
1059 1256 1136 1280 rem
1164 1257 1165 1277 ι

90 1304 296 1340 adolescens
318 1304 407 1339 olim
430 1305 467 1339 in
486 1304 610 1340 libello
632 1304 677 1339 de
697 1304 872 1340 Methodo
892 1305 990 1339 Juris
1011 1304 1135 1339 adum·
1163 1312 1165 1315 ’

265 1362 287 1397 J
297 1362 396 1397 uris
424 1363 515 1397 meri
542 1363 617 1397 sive
636 1363 796 1398 stricti
824 1366 1056 1410 praeceptum
1083 1366 1137 1398 est
1163 1376 1165 1389 ¹

1193 1244 1310 1291 qualis
1326 1244 1361 1279 in
1377 1244 1468 1279 hanc
1484 1245 1743 1281 mortalitatem
1764 1246 1872 1281 eadit.
1895 1246 2000 1287 Quod
2016 1257 2101 1281 vero
2117 1247 2237 1292 ipsam

1193 1304 1325 1349 vitam,
1366 1307 1402 1338 et
1441 1303 1609 1350 quiequid
1644 1304 1734 1340 hanc
1770 1306 1883 1341 vitam
1919 1305 2158 1352 expetendam
2187 1306 2239 1341 fa-

1194 1361 1244 1397 cit
1272 1372 1405 1406 magno
1433 1362 1625 1397 commodo
1653 1363 1774 1399 alieno
1803 1363 2020 1410 posthabere
2049 1363 2242 1399 debeamus

1193 1420 1247 1455 ita
1272 1423 1313 1455 ut
1332 1420 1512 1455 maximos
1536 1420 1648 1456 etiam
1674 1422 1816 1458 dolores
1842 1422 1879 1457 in
1906 1423 2059 1459 aliorum
2087 1423 2242 1468 gratiam

1195 1479 1353 1525 perferre
1374 1482 1560 1526 oporteat,
1580 1480 1695 1525 magis
1716 1482 1860 1528 pulchre
1881 1481 2099 1528 praecipitur
2118 1493 2140 1517 a
2160 1481 2242 1517 Phi-

1193 1537 1374 1585 losophis,
1405 1548 1514 1583 quam
1541 1539 1654 1574 solide
1682 1539 1960 1576 demonstratur.
2018 1540 2114 1576 Nam
2135 1540 2242 1576 decus

1194 1600 1231 1632 et
1251 1596 1403 1642 gloriam
1424 1599 1459 1632 et
1479 1597 1592 1632 animi
1618 1598 1673 1633 sui
1694 1598 1824 1634 virtute
1844 1599 2059 1644 gaudentem
2087 1610 2241 1647 sensum,

1195 1655 1242 1691 ad
1261 1665 1352 1700 quae
1376 1656 1442 1690 sub
1465 1656 1660 1692 honestatis
1689 1658 1836 1693 nomine
1863 1660 2081 1705 provocant,
2109 1659 2243 1704 cogita-

1195 1715 1305 1750 tionis
1333 1714 1410 1749 sive
1439 1715 1569 1750 mentis
1600 1716 1695 1751 bona
1721 1728 1799 1752 esse
1825 1719 1984 1763 constat,
2013 1727 2146 1762 magna
2165 1717 2244 1763 qui-

1196 1774 1279 1810 dem
1306 1773 1368 1808 sed
1397 1786 1471 1809 non
1493 1774 1660 1810 omnibus
1688 1787 1753 1811 nec
1781 1775 1880 1811 omni
1908 1776 2089 1811 malorum
2109 1776 2245 1812 acerbi-

1166 1863 1168 1875 ,
1197 1837 1271 1868 tate
1291 1834 1554 1881 praevalitura,
1576 1835 1722 1880 quando
1749 1845 1822 1870 non
1843 1845 1967 1871 omnes
1987 1845 2100 1882 aeque
2119 1834 2246 1882 imagi-

1197 1892 1319 1928 nando
1340 1892 1561 1939 afficiuntur,
1590 1894 1801 1940 praesertim
1823 1905 1913 1941 quos
1937 1904 2051 1940 neque
2081 1893 2246 1929 educatio

1198 1951 1355 1987 liberalis
1375 1962 1490 1997 neque
1518 1953 1737 1988 consuetudo
1758 1953 1903 1988 vivendi
1928 1953 2085 2000 ingenua
2106 1952 2165 1988 vel
2193 1952 2246 1987 vi-

1198 2013 1257 2046 tae
1286 2013 1449 2045 ses-taeve
1476 2010 1667 2057 disciplina
1694 2012 1739 2047 ad
1769 2012 1914 2047 honoris
1942 2011 2247 2058 aestimationem,

1199 2070 1255 2104 vel
1276 2069 1387 2103 animi
1409 2069 1504 2105 bona
1525 2069 1709 2105 sentienda
1730 2070 1929 2107 assuefecit.
1991 2069 2042 2105 Ut
2062 2080 2148 2105 vero
2167 2069 2247 2105 uni-

1200 2128 1326 2163 versali
1350 2127 1656 2163 demonstratione
1682 2129 1892 2164 conficiatur
1918 2138 2026 2164 omne
2055 2128 2248 2164 honestum

1199 2198 1274 2222 esse
1302 2187 1411 2233 utile,
1442 2189 1478 2222 et
1499 2197 1607 2222 omne
1631 2190 1734 2234 turpe
1762 2188 2002 2233 damnosum,
2034 2187 2248 2223 assumenda

1199 2248 1254 2282 est
1274 2245 1528 2281 immortalitas
1549 2246 1710 2293 animae,
1743 2250 1778 2282 et
1800 2249 1917 2282 rector
1936 2245 2092 2281 universi
2113 2245 2246 2281 DEUS.

1198 2305 1254 2340 Ita
1274 2305 1313 2340 fit
1333 2308 1373 2340 ut
1394 2315 1519 2341 omnes
1540 2305 1578 2340 in
1598 2305 1745 2341 civitate
1775 2304 2034 2352 perfectissima
2055 2304 2174 2340 vivere
2195 2304 2248 2339 in-

1197 2364 1401 2410 telligamus
1426 2364 1493 2400 sub
1522 2364 1719 2400 Monarcha
1753 2364 1816 2412 qui
1849 2375 1914 2400 nec
1947 2363 1996 2399 ob
2031 2363 2249 2410 sapientiam

1198 2423 1295 2469 falli,
1319 2434 1384 2459 nec
1404 2423 1452 2459 ob
1473 2423 1673 2467 potentiam
1693 2423 1800 2459 vitari
1821 2424 1960 2469 potest3
1987 2422 2153 2469 idemque
2173 2424 2248 2457 tam

1197 2482 1365 2518 amabilis
1394 2485 1468 2528 est,
1507 2485 1549 2517 ut
1576 2482 1726 2517 felicitas
1758 2483 1805 2517 sit
1833 2482 1897 2517 tali
1924 2481 2073 2517 domino
2101 2480 2247 2516 servire.

1166 2581 1168 2590 Ι
1197 2541 1291 2577 Huic
1311 2542 1420 2588 igitur
1440 2541 1501 2587 qui
1529 2541 1689 2576 animam
1712 2540 1905 2588 impendit,
1937 2540 2078 2576 Christo
2099 2539 2249 2576 docente

1197 2611 1278 2636 eam
1299 2601 1468 2636 lucratur.
1526 2599 1643 2644 Hujus
1663 2599 1826 2646 potentia
1852 2599 2152 2646 providentiaque
2172 2597 2248 2634 effi-

1198 2660 1290 2695 citur
1312 2662 1351 2694 ut
1372 2669 1478 2694 omne
1493 2657 1569 2702 jus
1589 2659 1627 2693 in
1648 2660 1782 2694 sactum
1799 2661 1969 2705 transeat,
1992 2661 2032 2694 ut
2047 2668 2155 2693 nemo
2175 2657 2247 2692 lae-

1198 2718 1304 2753 datur
1335 2717 1404 2752 nisi
1434 2728 1455 2752 a
1485 2728 1524 2752 se
1551 2716 1653 2764 ipso,
1690 2720 1730 2753 ut
1760 2717 1848 2753 nihil
1877 2720 1972 2753 recte
2000 2719 2139 2762 gestum
2169 2714 2246 2750 sine

2151 2774 2245 2814 Quo-

1198 2835 1315 2880 niam,
1338 2838 1378 2870 ut
1398 2834 1519 2869 divine
1539 2846 1561 2869 a
1582 2835 1722 2871 Christo
1743 2836 1916 2871 traditum
1937 2837 2012 2880 est,
2044 2841 2167 2868 omnes
2187 2840 2245 2864 ca-

1199 2893 1277 2940 pilli
1307 2893 1420 2928 nostri
1458 2894 1638 2929 numerati
1668 2897 1771 2941 sunt,
1806 2905 1849 2930 ac
1877 2905 1923 2929 ne
1952 2902 2065 2937 aquae
2100 2888 2244 2935 quidem

1169 2981 1170 2987 ,
1199 2953 1345 2987 haustus
1365 2953 1495 2987 frustra
1517 2953 1620 2988 datus
1635 2956 1690 2989 est
1711 2952 1857 2998 sitienti,
1877 2952 1967 2987 adeo
1987 2948 2074 2983 nihil
2094 2945 2242 2991 negligi-

1200 3013 1258 3046 tur
1286 3011 1324 3045 in
1345 3011 1530 3058 republica
1558 3012 1728 3048 universi.
1788 3012 1844 3046 Ex
1869 3011 1934 3045 hac
1959 3005 2242 3043 consideratione

1200 3070 1240 3104 fit
1259 3072 1297 3105 ut
1320 3069 1520 3114 justitia
1541 3070 1824 3107 universalis
1845 3066 2040 3114 appelletur
2060 3065 2097 3098 et
2117 3072 2242 3098 omnes

1199 3129 1289 3165 alias
1309 3130 1459 3165 virtutes
1480 3129 1778 3176 comprehendat,
1809 3136 1899 3172 quae
1919 3123 2016 3159 enim
2036 3121 2173 3168 alioqui
2192 3120 2242 3156 al-

1168 3216 1169 3224 ,
1199 3188 1310 3224 terius
1330 3188 1499 3224 interesse
1526 3200 1600 3225 non
1621 3188 1786 3223 videntur
1805 3183 1915 3218 veluti
1943 3192 1988 3216 ne
2015 3181 2140 3215 nostro
2166 3190 2241 3215 cor·

1198 3258 1285 3295 pore
1305 3252 1368 3283 aut
1387 3248 1520 3283 nostris
1549 3247 1657 3282 rebus
1686 3245 1893 3286 abutamur,
1924 3240 2034 3275 etiam
2062 3241 2166 3274 extra
2193 3239 2241 3273 le·

1198 3318 1260 3354 ges
1280 3307 1474 3354 humanas,
1504 3305 1658 3341 naturali
1674 3304 1767 3348 jure,
1795 3300 1831 3336 id
1851 3302 1905 3335 est
1926 3297 2079 3334 aeternis
2099 3296 2241 3332 divinae
