<?xml version="1.0" encoding="UTF-8"?>
<!DOCTYPE html PUBLIC "-//W3C//DTD XHTML 1.0 Transitional//EN"
    "http://www.w3.org/TR/xhtml1/DTD/xhtml1-transitional.dtd">
<html xmlns="http://www.w3.org/1999/xhtml" xml:lang="en" lang="en">
 <head>
  <title>
</title>
<meta http-equiv="Content-Type" content="text/html;charset=utf-8" />
  <meta name='ocr-system' content='tesseract 3.04.00' />
  <meta name='ocr-capabilities' content='ocr_page ocr_carea ocr_par ocr_line ocrx_word'/>
</head>
<body>
  <div class='ocr_page' id='page_1' title='image "./operaphilosophic00leibuoft_0135.png"; bbox 0 0 2361 3643; ppageno 0'>
   <div class='ocr_carea' id='block_1_1' title="bbox 634 83 1680 123">
    <p class='ocr_par' dir='ltr' id='par_1_1' title="bbox 634 83 1680 123">
     <span class='ocr_line' id='line_1_1' title="bbox 634 83 1680 123; baseline -0.002 0"><span class='ocrx_word' id='word_1_1' title='bbox 634 86 753 123; x_wconf 79' lang='lat' dir='ltr'><strong>XVII.</strong></span> <span class='ocrx_word' id='word_1_2' title='bbox 785 84 1116 122; x_wconf 80' lang='lat' dir='ltr'>INTRODUCTIO</span> <span class='ocrx_word' id='word_1_3' title='bbox 1139 83 1188 121; x_wconf 76' lang='lat' dir='ltr'>IN</span> <span class='ocrx_word' id='word_1_4' title='bbox 1211 85 1391 122; x_wconf 80' lang='lat' dir='ltr'><strong>PACIDII</strong></span> <span class='ocrx_word' id='word_1_5' title='bbox 1409 84 1680 121; x_wconf 81' lang='lat' dir='ltr'><strong>SPECIMINA.</strong></span> 
     </span>
    </p>
   </div>
   <div class='ocr_carea' id='block_1_2' title="bbox 2178 76 2232 118">
    <p class='ocr_par' dir='ltr' id='par_1_2' title="bbox 2178 76 2232 118">
     <span class='ocr_line' id='line_1_2' title="bbox 2178 76 2232 118; baseline -0.019 0"><span class='ocrx_word' id='word_1_6' title='bbox 2178 76 2232 118; x_wconf 84' lang='lat'>91</span> 
     </span>
    </p>
   </div>
   <div class='ocr_carea' id='block_1_3' title="bbox 74 173 2235 289">
    <p class='ocr_par' dir='ltr' id='par_1_3' title="bbox 74 173 2235 289">
     <span class='ocr_line' id='line_1_3' title="bbox 75 173 2235 231; baseline -0.003 -12"><span class='ocrx_word' id='word_1_7' title='bbox 75 196 143 231; x_wconf 87' lang='lat' dir='ltr'>que</span> <span class='ocrx_word' id='word_1_8' title='bbox 162 181 392 218; x_wconf 87' lang='lat' dir='ltr'>incommoda</span> <span class='ocrx_word' id='word_1_9' title='bbox 419 181 653 228; x_wconf 83' lang='lat' dir='ltr'>reperiuntur,</span> <span class='ocrx_word' id='word_1_10' title='bbox 676 181 804 216; x_wconf 88' lang='lat' dir='ltr'>modus</span> <span class='ocrx_word' id='word_1_11' title='bbox 830 179 1019 216; x_wconf 82' lang='lat' dir='ltr'>habebitur</span> <span class='ocrx_word' id='word_1_12' title='bbox 1046 189 1120 214; x_wconf 83' lang='lat' dir='ltr'>nia-</span> <span class='ocrx_word' id='word_1_13' title='bbox 1153 173 1156 225; x_wconf 68' lang='grc'>1</span> <span class='ocrx_word' id='word_1_14' title='bbox 1190 182 1297 214; x_wconf 85' lang='grc'>1101110</span> <span class='ocrx_word' id='word_1_15' title='bbox 1317 190 1439 215; x_wconf 85' lang='lat' dir='ltr'>eruere</span> <span class='ocrx_word' id='word_1_16' title='bbox 1459 182 1681 225; x_wconf 81' lang='lat' dir='ltr'>argumenta,</span> <span class='ocrx_word' id='word_1_17' title='bbox 1703 177 1832 225; x_wconf 82' lang='lat' dir='ltr'>quibus</span> <span class='ocrx_word' id='word_1_18' title='bbox 1860 177 2022 223; x_wconf 75' lang='lat' dir='ltr'>quaestio</span> <span class='ocrx_word' id='word_1_19' title='bbox 2051 177 2235 224; x_wconf 77' lang='lat' dir='ltr'>proposita</span> 
     </span>
     <span class='ocr_line' id='line_1_4' title="bbox 74 232 2235 289; baseline -0.003 -12"><span class='ocrx_word' id='word_1_20' title='bbox 74 242 297 289; x_wconf 75' lang='lat' dir='ltr'>gnitudinem</span> <span class='ocrx_word' id='word_1_21' title='bbox 333 239 503 286; x_wconf 86' lang='lat' dir='ltr'>cujusque</span> <span class='ocrx_word' id='word_1_22' title='bbox 531 240 744 286; x_wconf 78' lang='lat' dir='ltr'>explorandi</span> <span class='ocrx_word' id='word_1_23' title='bbox 772 243 879 285; x_wconf 87' lang='lat' dir='ltr'>atque.</span> <span class='ocrx_word' id='word_1_24' title='bbox 906 237 1118 273; x_wconf 87' lang='lat' dir='ltr'>aestimandi</span> <span class='ocrx_word' id='word_1_25' title='bbox 1152 232 1155 286; x_wconf 62' lang='lat'>,⁴</span> <span class='ocrx_word' id='word_1_26' title='bbox 1190 238 1366 285; x_wconf 86' lang='lat' dir='ltr'>definitur,</span> <span class='ocrx_word' id='word_1_27' title='bbox 1389 238 1463 273; x_wconf 89' lang='lat' dir='ltr'>imo</span> <span class='ocrx_word' id='word_1_28' title='bbox 1484 241 1518 273; x_wconf 87' lang='lat' dir='ltr'>et</span> <span class='ocrx_word' id='word_1_29' title='bbox 1539 239 1583 273; x_wconf 89' lang='lat' dir='ltr'>ad</span> <span class='ocrx_word' id='word_1_30' title='bbox 1599 240 1714 273; x_wconf 84' lang='lat' dir='ltr'>artem</span> <span class='ocrx_word' id='word_1_31' title='bbox 1735 235 1942 271; x_wconf 89' lang='lat' dir='ltr'>inveniendi</span> <span class='ocrx_word' id='word_1_32' title='bbox 1956 235 2112 282; x_wconf 90' lang='lat' dir='ltr'>pertinet</span> <span class='ocrx_word' id='word_1_33' title='bbox 2130 246 2235 270; x_wconf 87' lang='lat' dir='ltr'>nosse</span> 
     </span>
    </p>
   </div>
   <div class='ocr_carea' id='block_1_4' title="bbox 72 296 1118 463">
    <p class='ocr_par' dir='ltr' id='par_1_4' title="bbox 72 296 1118 463">
     <span class='ocr_line' id='line_1_5' title="bbox 74 296 1118 347; baseline -0.004 -12"><span class='ocrx_word' id='word_1_34' title='bbox 74 304 124 347; x_wconf 87' lang='lat' dir='ltr'>ut,</span> <span class='ocrx_word' id='word_1_35' title='bbox 153 299 369 346; x_wconf 84' lang='lat' dir='ltr'>comparatis</span> <span class='ocrx_word' id='word_1_36' title='bbox 397 299 587 345; x_wconf 76' lang='lat' dir='ltr'>utrimque,</span> <span class='ocrx_word' id='word_1_37' title='bbox 619 299 715 333; x_wconf 72' lang='lat' dir='ltr'>velut</span> <span class='ocrx_word' id='word_1_38' title='bbox 745 298 879 344; x_wconf 89' lang='lat' dir='ltr'>accepti</span> <span class='ocrx_word' id='word_1_39' title='bbox 901 296 1118 343; x_wconf 77' lang='lat' dir='ltr'>expensique</span> 
     </span>
     <span class='ocr_line' id='line_1_6' title="bbox 72 355 1118 404; baseline -0.006 -9"><span class='ocrx_word' id='word_1_40' title='bbox 72 359 223 404; x_wconf 87' lang='lat' dir='ltr'>tabulis,</span> <span class='ocrx_word' id='word_1_41' title='bbox 260 359 303 393; x_wconf 85' lang='lat' dir='ltr'>de</span> <span class='ocrx_word' id='word_1_42' title='bbox 337 368 478 392; x_wconf 86' lang='lat' dir='ltr'>summa</span> <span class='ocrx_word' id='word_1_43' title='bbox 512 356 662 403; x_wconf 89' lang='lat' dir='ltr'>potioris</span> <span class='ocrx_word' id='word_1_44' title='bbox 694 357 956 403; x_wconf 75' lang='lat' dir='ltr'>pronuntietur.</span> <span class='ocrx_word' id='word_1_45' title='bbox 1022 355 1118 390; x_wconf 86' lang='lat' dir='ltr'>Haec</span> 
     </span>
     <span class='ocr_line' id='line_1_7' title="bbox 72 413 1116 463; baseline -0.005 -11"><span class='ocrx_word' id='word_1_46' title='bbox 72 421 155 453; x_wconf 89' lang='lat' dir='ltr'>sunt</span> <span class='ocrx_word' id='word_1_47' title='bbox 184 417 247 452; x_wconf 88' lang='lat' dir='ltr'>illa</span> <span class='ocrx_word' id='word_1_48' title='bbox 274 417 445 463; x_wconf 88' lang='lat' dir='ltr'>pondera,</span> <span class='ocrx_word' id='word_1_49' title='bbox 474 416 510 451; x_wconf 93' lang='lat' dir='ltr'>hi</span> <span class='ocrx_word' id='word_1_50' title='bbox 538 415 686 461; x_wconf 91' lang='lat' dir='ltr'>moduli,</span> <span class='ocrx_word' id='word_1_51' title='bbox 716 414 1044 461; x_wconf 85' lang='grc'>(11111111513110110111</span> <span class='ocrx_word' id='word_1_52' title='bbox 1064 413 1116 448; x_wconf 90' lang='lat' dir='ltr'>uti</span> 
     </span>
    </p>
   </div>
   <div class='ocr_carea' id='block_1_5' title="bbox 1151 292 1154 343">
    <p class='ocr_par' dir='ltr' id='par_1_5' title="bbox 1151 292 1154 343">
     <span class='ocr_line' id='line_1_8' title="bbox 1151 292 1154 343; baseline 0 0"><span class='ocrx_word' id='word_1_53' title='bbox 1151 292 1154 343; x_wconf 77' lang='grc'>1</span> 
     </span>
    </p>
   </div>
   <div class='ocr_carea' id='block_1_6' title="bbox 1151 349 1154 407">
    <p class='ocr_par' dir='ltr' id='par_1_6' title="bbox 1151 349 1154 407">
     <span class='ocr_line' id='line_1_9' title="bbox 1151 349 1154 407; baseline 0 0"><span class='ocrx_word' id='word_1_54' title='bbox 1151 349 1154 407; x_wconf 69' lang='grc'>1</span> 
     </span>
    </p>
   </div>
   <div class='ocr_carea' id='block_1_7' title="bbox 1187 294 2234 401">
    <p class='ocr_par' dir='ltr' id='par_1_7' title="bbox 1187 294 2234 401">
     <span class='ocr_line' id='line_1_10' title="bbox 1189 294 2234 343; baseline -0.002 -13"><span class='ocrx_word' id='word_1_55' title='bbox 1189 298 1343 331; x_wconf 87' lang='lat' dir='ltr'>formare</span> <span class='ocrx_word' id='word_1_56' title='bbox 1364 297 1606 343; x_wconf 73' lang='lat' dir='ltr'>quaestiones,</span> <span class='ocrx_word' id='word_1_57' title='bbox 1636 297 1691 331; x_wconf 75' lang='lat' dir='ltr'>vel</span> <span class='ocrx_word' id='word_1_58' title='bbox 1719 295 1815 341; x_wconf 90' lang='lat' dir='ltr'>quod</span> <span class='ocrx_word' id='word_1_59' title='bbox 1842 295 1969 330; x_wconf 91' lang='lat' dir='ltr'>eodem</span> <span class='ocrx_word' id='word_1_60' title='bbox 1996 294 2100 340; x_wconf 88' lang='lat' dir='ltr'>redit,</span> <span class='ocrx_word' id='word_1_61' title='bbox 2130 304 2234 329; x_wconf 85' lang='lat' dir='ltr'>nosse</span> 
     </span>
     <span class='ocr_line' id='line_1_11' title="bbox 1187 352 2234 401; baseline -0.003 -12"><span class='ocrx_word' id='word_1_62' title='bbox 1187 355 1373 390; x_wconf 78' lang='lat' dir='ltr'>instituere</span> <span class='ocrx_word' id='word_1_63' title='bbox 1393 355 1670 401; x_wconf 76' lang='lat' dir='ltr'>observationes,</span> <span class='ocrx_word' id='word_1_64' title='bbox 1694 366 1797 389; x_wconf 82' lang='lat' dir='ltr'>nosse</span> <span class='ocrx_word' id='word_1_65' title='bbox 1818 364 1958 388; x_wconf 88' lang='lat' dir='ltr'>sumere</span> <span class='ocrx_word' id='word_1_66' title='bbox 1977 352 2234 399; x_wconf 84' lang='lat' dir='ltr'>experimenta.</span> 
     </span>
    </p>
   </div>
   <div class='ocr_carea' id='block_1_8' title="bbox 1152 410 2235 458">
    <p class='ocr_par' dir='ltr' id='par_1_8' title="bbox 1152 410 2235 458">
     <span class='ocr_line' id='line_1_12' title="bbox 1152 410 2235 458; baseline -0.003 -10"><span class='ocrx_word' id='word_1_67' title='bbox 1152 428 1153 437; x_wconf 56' lang='lat'>¹</span> <span class='ocrx_word' id='word_1_68' title='bbox 1187 412 1303 457; x_wconf 88' lang='lat' dir='ltr'>Hujus</span> <span class='ocrx_word' id='word_1_69' title='bbox 1323 413 1410 448; x_wconf 88' lang='lat' dir='ltr'>artis</span> <span class='ocrx_word' id='word_1_70' title='bbox 1430 414 1591 448; x_wconf 89' lang='lat' dir='ltr'>nondum</span> <span class='ocrx_word' id='word_1_71' title='bbox 1619 413 1771 448; x_wconf 83' lang='lat' dir='ltr'>traditae</span> <span class='ocrx_word' id='word_1_72' title='bbox 1790 412 1865 446; x_wconf 82' lang='lat' dir='ltr'>vim</span> <span class='ocrx_word' id='word_1_73' title='bbox 1892 415 2000 457; x_wconf 87' lang='lat' dir='ltr'>atque</span> <span class='ocrx_word' id='word_1_74' title='bbox 2028 410 2235 458; x_wconf 83' lang='lat' dir='ltr'>amplitudi-</span> 
     </span>
    </p>
   </div>
   <div class='ocr_carea' id='block_1_9' title="bbox 71 473 1153 639">
    <p class='ocr_par' dir='ltr' id='par_1_9' title="bbox 71 473 1153 639">
     <span class='ocr_line' id='line_1_13' title="bbox 72 473 1153 522; baseline -0.006 -10"><span class='ocrx_word' id='word_1_75' title='bbox 72 476 166 513; x_wconf 82' lang='lat' dir='ltr'>dixit</span> <span class='ocrx_word' id='word_1_76' title='bbox 186 478 306 522; x_wconf 76' lang='lat' dir='ltr'>poeta,</span> <span class='ocrx_word' id='word_1_77' title='bbox 328 475 390 509; x_wconf 87' lang='lat' dir='ltr'>sed</span> <span class='ocrx_word' id='word_1_78' title='bbox 410 476 578 511; x_wconf 87' lang='lat' dir='ltr'>hactenus</span> <span class='ocrx_word' id='word_1_79' title='bbox 600 484 727 520; x_wconf 84' lang='lat' dir='ltr'>parum</span> <span class='ocrx_word' id='word_1_80' title='bbox 747 473 893 519; x_wconf 59' lang='lat' dir='ltr'>exactis-</span> <span class='ocrx_word' id='word_1_81' title='bbox 916 484 980 508; x_wconf 88' lang='lat' dir='ltr'>ncc</span> <span class='ocrx_word' id='word_1_82' title='bbox 1001 473 1117 518; x_wconf 79' lang='lat' dir='ltr'>signa·</span> <span class='ocrx_word' id='word_1_83' title='bbox 1151 494 1153 522; x_wconf 62' lang='lat'>3</span> 
     </span>
     <span class='ocr_line' id='line_1_14' title="bbox 72 531 1152 581; baseline -0.005 -12"><span class='ocrx_word' id='word_1_84' title='bbox 72 535 118 570; x_wconf 92' lang='lat' dir='ltr'>tis</span> <span class='ocrx_word' id='word_1_85' title='bbox 139 534 328 581; x_wconf 79' lang='lat' dir='ltr'>publicave</span> <span class='ocrx_word' id='word_1_86' title='bbox 343 533 538 569; x_wconf 78' lang='lat' dir='ltr'>autoritate</span> <span class='ocrx_word' id='word_1_87' title='bbox 558 534 619 567; x_wconf 85' lang='lat' dir='ltr'>aut</span> <span class='ocrx_word' id='word_1_88' title='bbox 640 535 736 567; x_wconf 83' lang='lat' dir='ltr'>certa</span> <span class='ocrx_word' id='word_1_89' title='bbox 756 535 842 566; x_wconf 90' lang='lat' dir='ltr'>nota</span> <span class='ocrx_word' id='word_1_90' title='bbox 863 531 1115 578; x_wconf 87' lang='lat' dir='ltr'>comprobatis.</span> <span class='ocrx_word' id='word_1_91' title='bbox 1150 567 1152 576; x_wconf 34' lang='grc' dir='ltr'>ἰ</span> 
     </span>
     <span class='ocr_line' id='line_1_15' title="bbox 71 590 1152 639; baseline -0.005 -11"><span class='ocrx_word' id='word_1_92' title='bbox 71 594 270 639; x_wconf 75' lang='lat' dir='ltr'>Caeterum,</span> <span class='ocrx_word' id='word_1_93' title='bbox 294 591 597 638; x_wconf 78' lang='lat' dir='ltr'>quemadmodum</span> <span class='ocrx_word' id='word_1_94' title='bbox 614 590 742 633; x_wconf 83' lang='lat' dir='ltr'>judicii</span> <span class='ocrx_word' id='word_1_95' title='bbox 771 594 824 625; x_wconf 89' lang='lat' dir='ltr'>est</span> <span class='ocrx_word' id='word_1_96' title='bbox 844 590 882 624; x_wconf 92' lang='lat' dir='ltr'>in</span> <span class='ocrx_word' id='word_1_97' title='bbox 903 601 1034 636; x_wconf 73' lang='lat' dir='ltr'>magno</span> <span class='ocrx_word' id='word_1_98' title='bbox 1062 600 1116 624; x_wconf 88' lang='lat' dir='ltr'>ar·</span> <span class='ocrx_word' id='word_1_99' title='bbox 1148 595 1152 621; x_wconf 74' lang='grc'>1</span> 
     </span>
    </p>
   </div>
   <div class='ocr_carea' id='block_1_10' title="bbox 70 649 1117 757">
    <p class='ocr_par' dir='ltr' id='par_1_10' title="bbox 70 649 1117 757">
     <span class='ocr_line' id='line_1_16' title="bbox 71 649 1117 699; baseline -0.005 -11"><span class='ocrx_word' id='word_1_100' title='bbox 71 656 322 699; x_wconf 78' lang='lat' dir='ltr'>gumentorum</span> <span class='ocrx_word' id='word_1_101' title='bbox 348 649 620 696; x_wconf 68' lang='lat' dir='ltr'>multiplicium,</span> <span class='ocrx_word' id='word_1_102' title='bbox 651 649 697 684; x_wconf 91' lang='lat' dir='ltr'>ab</span> <span class='ocrx_word' id='word_1_103' title='bbox 725 649 806 683; x_wconf 91' lang='lat' dir='ltr'>aliis</span> <span class='ocrx_word' id='word_1_104' title='bbox 841 650 932 684; x_wconf 85' lang='lat' dir='ltr'>sorte</span> <span class='ocrx_word' id='word_1_105' title='bbox 960 649 1117 696; x_wconf 88' lang='lat' dir='ltr'>prolato-</span> 
     </span>
     <span class='ocr_line' id='line_1_17' title="bbox 70 707 1117 757; baseline -0.005 -11"><span class='ocrx_word' id='word_1_106' title='bbox 70 722 163 757; x_wconf 88' lang='lat' dir='ltr'>rum,</span> <span class='ocrx_word' id='word_1_107' title='bbox 185 710 364 755; x_wconf 80' lang='lat' dir='ltr'>conflictu,</span> <span class='ocrx_word' id='word_1_108' title='bbox 387 709 571 744; x_wconf 89' lang='lat' dir='ltr'>rationum</span> <span class='ocrx_word' id='word_1_109' title='bbox 590 708 658 742; x_wconf 85' lang='lat' dir='ltr'>rite</span> <span class='ocrx_word' id='word_1_110' title='bbox 686 708 956 742; x_wconf 82' lang='lat' dir='ltr'>aestimatarum</span> <span class='ocrx_word' id='word_1_111' title='bbox 978 707 1117 743; x_wconf 85' lang='lat' dir='ltr'>tabulas</span> 
     </span>
    </p>
   </div>
   <div class='ocr_carea' id='block_1_11' title="bbox 70 766 1152 813">
    <p class='ocr_par' dir='ltr' id='par_1_11' title="bbox 70 766 1152 813">
     <span class='ocr_line' id='line_1_18' title="bbox 70 766 1152 813; baseline -0.002 -8"><span class='ocrx_word' id='word_1_112' title='bbox 70 770 256 805; x_wconf 81' lang='lat' dir='ltr'>evidenter</span> <span class='ocrx_word' id='word_1_113' title='bbox 275 768 442 803; x_wconf 88' lang='lat' dir='ltr'>ordinare</span> <span class='ocrx_word' id='word_1_114' title='bbox 462 767 507 802; x_wconf 88' lang='lat' dir='ltr'>ad</span> <span class='ocrx_word' id='word_1_115' title='bbox 528 766 794 802; x_wconf 75' lang='lat' dir='ltr'>conclusionem</span> <span class='ocrx_word' id='word_1_116' title='bbox 820 766 1034 813; x_wconf 83' lang='lat' dir='ltr'>habendam,</span> <span class='ocrx_word' id='word_1_117' title='bbox 1065 766 1117 800; x_wconf 89' lang='lat' dir='ltr'>ita</span> <span class='ocrx_word' id='word_1_118' title='bbox 1150 785 1152 803; x_wconf 67' lang='lat' dir='ltr'>z</span> 
     </span>
    </p>
   </div>
   <div class='ocr_carea' id='block_1_12' title="bbox 1149 753 1152 782">
    <p class='ocr_par' dir='ltr' id='par_1_12' title="bbox 1149 753 1152 782">
     <span class='ocr_line' id='line_1_19' title="bbox 1149 753 1152 782; baseline 0 0"><span class='ocrx_word' id='word_1_119' title='bbox 1149 753 1152 782; x_wconf 78' lang='grc'>1</span> 
     </span>
    </p>
   </div>
   <div class='ocr_carea' id='block_1_13' title="bbox 70 825 1116 864">
    <p class='ocr_par' dir='ltr' id='par_1_13' title="bbox 70 816 1152 872">
     <span class='ocr_line' id='line_1_20' title="bbox 70 825 1116 864; baseline -0.004 -1"><span class='ocrx_word' id='word_1_120' title='bbox 70 827 290 864; x_wconf 74' lang='lat' dir='ltr'>inventionis</span> <span class='ocrx_word' id='word_1_121' title='bbox 310 829 428 862; x_wconf 82' lang='lat' dir='ltr'>estex</span> <span class='ocrx_word' id='word_1_122' title='bbox 455 836 575 861; x_wconf 88' lang='lat' dir='ltr'>rerum</span> <span class='ocrx_word' id='word_1_123' title='bbox 603 825 796 861; x_wconf 81' lang='lat' dir='ltr'>visceribus</span> <span class='ocrx_word' id='word_1_124' title='bbox 824 826 967 861; x_wconf 88' lang='lat' dir='ltr'>nemine</span> <span class='ocrx_word' id='word_1_125' title='bbox 993 825 1116 860; x_wconf 87' lang='lat' dir='ltr'>admo-</span> 
     </span>
    </p>
   </div>
   <div class='ocr_carea' id='block_1_14' title="bbox 1185 468 2235 802">
    <p class='ocr_par' dir='ltr' id='par_1_14' title="bbox 1185 468 2235 802">
     <span class='ocr_line' id='line_1_21' title="bbox 1187 468 2234 518; baseline -0.002 -12"><span class='ocrx_word' id='word_1_126' title='bbox 1187 483 1271 507; x_wconf 89' lang='lat' dir='ltr'>nem</span> <span class='ocrx_word' id='word_1_127' title='bbox 1306 483 1348 507; x_wconf 88' lang='lat' dir='ltr'>eo</span> <span class='ocrx_word' id='word_1_128' title='bbox 1384 472 1551 518; x_wconf 79' lang='lat' dir='ltr'>perspexi</span> <span class='ocrx_word' id='word_1_129' title='bbox 1586 471 1717 516; x_wconf 58' lang='lat' dir='ltr'>maj-ris,</span> <span class='ocrx_word' id='word_1_130' title='bbox 1755 482 1825 517; x_wconf 88' lang='lat' dir='ltr'>quo</span> <span class='ocrx_word' id='word_1_131' title='bbox 1861 470 1998 513; x_wconf 85' lang='lat' dir='ltr'>majore</span> <span class='ocrx_word' id='word_1_132' title='bbox 2031 470 2152 506; x_wconf 85' lang='lat' dir='ltr'>studio</span> <span class='ocrx_word' id='word_1_133' title='bbox 2186 468 2234 504; x_wconf 88' lang='lat' dir='ltr'>ab</span> 
     </span>
     <span class='ocr_line' id='line_1_22' title="bbox 1185 528 2235 576; baseline -0.004 -10"><span class='ocrx_word' id='word_1_134' title='bbox 1185 531 1334 566; x_wconf 86' lang='lat' dir='ltr'>ineunte</span> <span class='ocrx_word' id='word_1_135' title='bbox 1354 533 1470 566; x_wconf 86' lang='lat' dir='ltr'>aetate</span> <span class='ocrx_word' id='word_1_136' title='bbox 1491 530 1616 565; x_wconf 81' lang='lat' dir='ltr'>solitus</span> <span class='ocrx_word' id='word_1_137' title='bbox 1636 541 1715 564; x_wconf 83' lang='grc'>511111</span> <span class='ocrx_word' id='word_1_138' title='bbox 1741 542 1797 564; x_wconf 85' lang='lat' dir='ltr'>res</span> <span class='ocrx_word' id='word_1_139' title='bbox 1826 529 1971 576; x_wconf 91' lang='lat' dir='ltr'>proprio</span> <span class='ocrx_word' id='word_1_140' title='bbox 1992 528 2111 563; x_wconf 88' lang='lat' dir='ltr'>Marte</span> <span class='ocrx_word' id='word_1_141' title='bbox 2136 528 2235 562; x_wconf 86' lang='lat' dir='ltr'>inve-</span> 
     </span>
     <span class='ocr_line' id='line_1_23' title="bbox 1185 586 2235 635; baseline -0.003 -11"><span class='ocrx_word' id='word_1_142' title='bbox 1185 590 1327 635; x_wconf 76' lang='lat' dir='ltr'>stigare,</span> <span class='ocrx_word' id='word_1_143' title='bbox 1348 600 1430 624; x_wconf 91' lang='grc'>011111</span> <span class='ocrx_word' id='word_1_144' title='bbox 1451 589 1622 635; x_wconf 77' lang='lat' dir='ltr'>singulari</span> <span class='ocrx_word' id='word_1_145' title='bbox 1640 588 1807 623; x_wconf 82' lang='lat' dir='ltr'>felicitate</span> <span class='ocrx_word' id='word_1_146' title='bbox 1823 599 1913 634; x_wconf 89' lang='lat' dir='ltr'>pene</span> <span class='ocrx_word' id='word_1_147' title='bbox 1934 587 2063 633; x_wconf 88' lang='lat' dir='ltr'>infans,</span> <span class='ocrx_word' id='word_1_148' title='bbox 2086 586 2235 622; x_wconf 84' lang='lat' dir='ltr'>lenitate</span> 
     </span>
     <span class='ocr_line' id='line_1_24' title="bbox 1187 645 2233 695; baseline -0.003 -12"><span class='ocrx_word' id='word_1_149' title='bbox 1187 650 1458 695; x_wconf 87' lang='lat' dir='ltr'>praeceptorum</span> <span class='ocrx_word' id='word_1_150' title='bbox 1479 658 1573 693; x_wconf 86' lang='lat' dir='ltr'>usus,</span> <span class='ocrx_word' id='word_1_151' title='bbox 1601 658 1681 682; x_wconf 90' lang='lat' dir='ltr'>meo</span> <span class='ocrx_word' id='word_1_152' title='bbox 1702 647 1781 693; x_wconf 86' lang='lat' dir='ltr'>ipso</span> <span class='ocrx_word' id='word_1_153' title='bbox 1801 646 1950 681; x_wconf 85' lang='lat' dir='ltr'>consilio</span> <span class='ocrx_word' id='word_1_154' title='bbox 1971 648 2077 692; x_wconf 84' lang='lat' dir='ltr'>atque</span> <span class='ocrx_word' id='word_1_155' title='bbox 2097 645 2233 692; x_wconf 87' lang='lat' dir='ltr'>impetu</span> 
     </span>
     <span class='ocr_line' id='line_1_25' title="bbox 1186 703 2234 752; baseline -0.003 -10"><span class='ocrx_word' id='word_1_156' title='bbox 1186 707 1302 742; x_wconf 90' lang='lat' dir='ltr'>bonos</span> <span class='ocrx_word' id='word_1_157' title='bbox 1322 709 1466 741; x_wconf 80' lang='lat' dir='ltr'>autores</span> <span class='ocrx_word' id='word_1_158' title='bbox 1481 705 1561 750; x_wconf 87' lang='lat' dir='ltr'>jam</span> <span class='ocrx_word' id='word_1_159' title='bbox 1588 706 1761 752; x_wconf 72' lang='lat' dir='ltr'>legebam,</span> <span class='ocrx_word' id='word_1_160' title='bbox 1793 704 1853 751; x_wconf 89' lang='lat' dir='ltr'>qui</span> <span class='ocrx_word' id='word_1_161' title='bbox 1881 704 1962 740; x_wconf 89' lang='lat' dir='ltr'>huic</span> <span class='ocrx_word' id='word_1_162' title='bbox 1989 704 2099 740; x_wconf 85' lang='lat' dir='ltr'>aetati</span> <span class='ocrx_word' id='word_1_163' title='bbox 2127 703 2234 751; x_wconf 87' lang='lat' dir='ltr'>plane</span> 
     </span>
     <span class='ocr_line' id='line_1_26' title="bbox 1187 766 1456 802; baseline -0.007 -1"><span class='ocrx_word' id='word_1_164' title='bbox 1187 766 1456 802; x_wconf 83' lang='lat' dir='ltr'>interdicuntur.</span> 
     </span>
    </p>
   </div>
   <div class='ocr_carea' id='block_1_15' title="bbox 780 1170 1554 1342">
    <p class='ocr_par' dir='ltr' id='par_1_15' title="bbox 780 1170 1554 1342">
     <span class='ocr_line' id='line_1_27' title="bbox 1050 1170 1239 1228; baseline 0 0"><span class='ocrx_word' id='word_1_165' title='bbox 1050 1170 1239 1228; x_wconf 71' lang='lat' dir='ltr'><strong>XVII.</strong></span> 
     </span>
     <span class='ocr_line' id='line_1_28' title="bbox 780 1256 1554 1342; baseline -0.005 -5"><span class='ocrx_word' id='word_1_166' title='bbox 780 1291 847 1337; x_wconf 72' lang='grc' dir='ltr'>ΙΝ</span> <span class='ocrx_word' id='word_1_167' title='bbox 887 1256 1242 1337; x_wconf 62' lang='lat' dir='ltr'>senonim</span> <span class='ocrx_word' id='word_1_168' title='bbox 1280 1287 1554 1342; x_wconf 59' lang='grc'>11011111,</span> 
     </span>
    </p>
   </div>
   <div class='ocr_carea' id='block_1_16' title="bbox 375 1398 1920 1481">
    <p class='ocr_par' dir='ltr' id='par_1_16' title="bbox 375 1398 1920 1481">
     <span class='ocr_line' id='line_1_29' title="bbox 375 1398 1920 1481; baseline -0.004 -1"><span class='ocrx_word' id='word_1_169' title='bbox 375 1400 1195 1481; x_wconf 86' lang='lat' dir='ltr'>INTRODUCTIO</span> <span class='ocrx_word' id='word_1_170' title='bbox 1259 1398 1920 1476; x_wconf 76' lang='lat' dir='ltr'><strong>HISTORICA.</strong></span> 
     </span>
    </p>
   </div>
   <div class='ocr_carea' id='block_1_17' title="bbox 310 1599 1985 1645">
    <p class='ocr_par' dir='ltr' id='par_1_17' title="bbox 310 1599 1985 1645">
     <span class='ocr_line' id='line_1_30' title="bbox 310 1599 1985 1645; baseline -0.007 -6"><span class='ocrx_word' id='word_1_171' title='bbox 310 1610 359 1644; x_wconf 81' lang='lat' dir='ltr'>(E</span> <span class='ocrx_word' id='word_1_172' title='bbox 385 1609 513 1638; x_wconf 82' lang='lat' dir='ltr'>schedis</span> <span class='ocrx_word' id='word_1_173' title='bbox 538 1609 668 1638; x_wconf 76' lang='lat' dir='ltr'>ineditis</span> <span class='ocrx_word' id='word_1_174' title='bbox 693 1608 914 1645; x_wconf 72' lang='lat' dir='ltr'>Leibnitii,</span> <span class='ocrx_word' id='word_1_175' title='bbox 949 1614 1033 1641; x_wconf 83' lang='lat' dir='ltr'>quac</span> <span class='ocrx_word' id='word_1_176' title='bbox 1060 1607 1091 1634; x_wconf 84' lang='lat' dir='ltr'>in</span> <span class='ocrx_word' id='word_1_177' title='bbox 1124 1606 1326 1635; x_wconf 77' lang='lat' dir='ltr'>Bibliotheca</span> <span class='ocrx_word' id='word_1_178' title='bbox 1352 1604 1458 1639; x_wconf 79' lang='lat' dir='ltr'>Regia</span> <span class='ocrx_word' id='word_1_179' title='bbox 1489 1604 1710 1633; x_wconf 79' lang='lat' dir='ltr'>Hanoverana</span> <span class='ocrx_word' id='word_1_180' title='bbox 1735 1599 1985 1634; x_wconf 72' lang='lat' dir='ltr'>asservantur.)</span> 
     </span>
    </p>
   </div>
   <div class='ocr_carea' id='block_1_18' title="bbox 63 1760 1114 3099">
    <p class='ocr_par' dir='ltr' id='par_1_18' title="bbox 63 1760 1114 3099">
     <span class='ocr_line' id='line_1_31' title="bbox 124 1760 1110 1812; baseline -0.001 -14"><span class='ocrx_word' id='word_1_181' title='bbox 124 1764 390 1799; x_wconf 49' lang='lat' dir='ltr'>&amp;Villielmus</span> <span class='ocrx_word' id='word_1_182' title='bbox 425 1763 640 1798; x_wconf 80' lang='lat' dir='ltr'>Pacidius</span> <span class='ocrx_word' id='word_1_183' title='bbox 676 1760 779 1812; x_wconf 67' lang='lat' dir='ltr'>(nam</span> <span class='ocrx_word' id='word_1_184' title='bbox 806 1764 852 1798; x_wconf 91' lang='lat' dir='ltr'>ab</span> <span class='ocrx_word' id='word_1_185' title='bbox 880 1763 946 1799; x_wconf 85' lang='lat' dir='ltr'>hoc</span> <span class='ocrx_word' id='word_1_186' title='bbox 966 1763 1110 1798; x_wconf 84' lang='lat' dir='ltr'>homine</span> 
     </span>
     <span class='ocr_line' id='line_1_32' title="bbox 67 1822 1112 1868; baseline -0.003 -10"><span class='ocrx_word' id='word_1_187' title='bbox 67 1823 279 1858; x_wconf 87' lang='lat' dir='ltr'>ordiendum</span> <span class='ocrx_word' id='word_1_188' title='bbox 302 1823 388 1858; x_wconf 89' lang='lat' dir='ltr'>mihi</span> <span class='ocrx_word' id='word_1_189' title='bbox 409 1825 473 1868; x_wconf 83' lang='lat' dir='ltr'>est,</span> <span class='ocrx_word' id='word_1_190' title='bbox 496 1833 577 1857; x_wconf 89' lang='grc'>011111</span> <span class='ocrx_word' id='word_1_191' title='bbox 599 1834 705 1868; x_wconf 87' lang='lat' dir='ltr'>saepe</span> <span class='ocrx_word' id='word_1_192' title='bbox 725 1834 746 1857; x_wconf 89' lang='lat' dir='ltr'>a</span> <span class='ocrx_word' id='word_1_193' title='bbox 769 1822 928 1857; x_wconf 74' lang='lat' dir='ltr'>minimis</span> <span class='ocrx_word' id='word_1_194' title='bbox 950 1822 1112 1856; x_wconf 83' lang='lat' dir='ltr'>maxima</span> 
     </span>
     <span class='ocr_line' id='line_1_33' title="bbox 65 1880 1112 1928; baseline -0.002 -12"><span class='ocrx_word' id='word_1_195' title='bbox 65 1881 352 1928; x_wconf 80' lang='lat' dir='ltr'>proficiscantur)</span> <span class='ocrx_word' id='word_1_196' title='bbox 373 1881 519 1916; x_wconf 89' lang='lat' dir='ltr'>natione</span> <span class='ocrx_word' id='word_1_197' title='bbox 540 1882 751 1927; x_wconf 69' lang='lat' dir='ltr'>Germanus,</span> <span class='ocrx_word' id='word_1_198' title='bbox 781 1881 897 1927; x_wconf 82' lang='lat' dir='ltr'>patria</span> <span class='ocrx_word' id='word_1_199' title='bbox 919 1880 1112 1927; x_wconf 79' lang='lat' dir='ltr'>Lipsiensis</span> 
     </span>
     <span class='ocr_line' id='line_1_34' title="bbox 65 1940 1113 1986; baseline -0.001 -12"><span class='ocrx_word' id='word_1_200' title='bbox 65 1940 197 1975; x_wconf 89' lang='lat' dir='ltr'>amisso</span> <span class='ocrx_word' id='word_1_201' title='bbox 219 1940 393 1975; x_wconf 85' lang='lat' dir='ltr'>maturius</span> <span class='ocrx_word' id='word_1_202' title='bbox 414 1943 572 1986; x_wconf 79' lang='lat' dir='ltr'>parente,</span> <span class='ocrx_word' id='word_1_203' title='bbox 590 1940 685 1974; x_wconf 80' lang='lat' dir='ltr'>vitae</span> <span class='ocrx_word' id='word_1_204' title='bbox 700 1943 848 1985; x_wconf 81' lang='lat' dir='ltr'>rectore,</span> <span class='ocrx_word' id='word_1_205' title='bbox 869 1940 1005 1986; x_wconf 81' lang='lat' dir='ltr'>inipetu</span> <span class='ocrx_word' id='word_1_206' title='bbox 1026 1950 1113 1984; x_wconf 85' lang='lat' dir='ltr'>quo-</span> 
     </span>
     <span class='ocr_line' id='line_1_35' title="bbox 66 1997 1112 2044; baseline -0.003 -11"><span class='ocrx_word' id='word_1_207' title='bbox 66 1999 150 2033; x_wconf 86' lang='lat' dir='ltr'>dam</span> <span class='ocrx_word' id='word_1_208' title='bbox 179 1999 292 2033; x_wconf 86' lang='lat' dir='ltr'>animi</span> <span class='ocrx_word' id='word_1_209' title='bbox 314 1999 359 2033; x_wconf 92' lang='lat' dir='ltr'>ad</span> <span class='ocrx_word' id='word_1_210' title='bbox 387 1999 569 2033; x_wconf 86' lang='lat' dir='ltr'>literarum</span> <span class='ocrx_word' id='word_1_211' title='bbox 592 1998 710 2032; x_wconf 82' lang='lat' dir='ltr'>media</span> <span class='ocrx_word' id='word_1_212' title='bbox 731 1998 880 2042; x_wconf 68' lang='lat' dir='ltr'>delatus,</span> <span class='ocrx_word' id='word_1_213' title='bbox 903 1998 981 2044; x_wconf 86' lang='lat' dir='ltr'>pari</span> <span class='ocrx_word' id='word_1_214' title='bbox 1010 1997 1045 2031; x_wconf 92' lang='lat' dir='ltr'>in</span> <span class='ocrx_word' id='word_1_215' title='bbox 1068 1997 1112 2031; x_wconf 89' lang='lat' dir='ltr'>iis</span> 
     </span>
     <span class='ocr_line' id='line_1_36' title="bbox 64 2055 1114 2093; baseline -0.003 -1"><span class='ocrx_word' id='word_1_216' title='bbox 64 2057 232 2093; x_wconf 83' lang='lat' dir='ltr'>libertate</span> <span class='ocrx_word' id='word_1_217' title='bbox 254 2057 472 2092; x_wconf 77' lang='lat' dir='ltr'>versabatur.</span> <span class='ocrx_word' id='word_1_218' title='bbox 532 2057 627 2091; x_wconf 74' lang='lat' dir='ltr'>Nam</span> <span class='ocrx_word' id='word_1_219' title='bbox 647 2067 727 2091; x_wconf 89' lang='grc'>011111</span> <span class='ocrx_word' id='word_1_220' title='bbox 749 2056 964 2091; x_wconf 77' lang='lat' dir='ltr'>domesticae</span> <span class='ocrx_word' id='word_1_221' title='bbox 985 2055 1114 2090; x_wconf 90' lang='lat' dir='ltr'>biblio·</span> 
     </span>
     <span class='ocr_line' id='line_1_37' title="bbox 65 2115 1113 2162; baseline -0.003 -11"><span class='ocrx_word' id='word_1_222' title='bbox 65 2117 186 2152; x_wconf 78' lang='lat' dir='ltr'>thecae</span> <span class='ocrx_word' id='word_1_223' title='bbox 201 2116 507 2162; x_wconf 85' lang='lat' dir='ltr'>opportunitatem</span> <span class='ocrx_word' id='word_1_224' title='bbox 522 2116 679 2150; x_wconf 81' lang='lat' dir='ltr'>haberet.</span> <span class='ocrx_word' id='word_1_225' title='bbox 690 2115 845 2149; x_wconf 87' lang='lat' dir='ltr'>abdebat</span> <span class='ocrx_word' id='word_1_226' title='bbox 862 2126 898 2149; x_wconf 88' lang='lat' dir='ltr'>se</span> <span class='ocrx_word' id='word_1_227' title='bbox 915 2115 950 2149; x_wconf 93' lang='lat' dir='ltr'>in</span> <span class='ocrx_word' id='word_1_228' title='bbox 968 2126 1008 2149; x_wconf 87' lang='lat' dir='ltr'>ea</span> <span class='ocrx_word' id='word_1_229' title='bbox 1019 2118 1113 2148; x_wconf 83' lang='lat' dir='ltr'>totos</span> 
     </span>
     <span class='ocr_line' id='line_1_38' title="bbox 65 2173 1110 2221; baseline -0.003 -12"><span class='ocrx_word' id='word_1_230' title='bbox 65 2186 170 2221; x_wconf 83' lang='lat' dir='ltr'>saepe</span> <span class='ocrx_word' id='word_1_231' title='bbox 186 2175 261 2209; x_wconf 87' lang='lat' dir='ltr'>dies</span> <span class='ocrx_word' id='word_1_232' title='bbox 276 2175 440 2209; x_wconf 84' lang='lat' dir='ltr'>octannis</span> <span class='ocrx_word' id='word_1_233' title='bbox 450 2185 548 2221; x_wconf 86' lang='lat' dir='ltr'>puer,</span> <span class='ocrx_word' id='word_1_234' title='bbox 559 2178 593 2208; x_wconf 89' lang='lat' dir='ltr'>et</span> <span class='ocrx_word' id='word_1_235' title='bbox 610 2173 760 2208; x_wconf 74' lang='lat' dir='ltr'>vixdum</span> <span class='ocrx_word' id='word_1_236' title='bbox 776 2173 1110 2220; x_wconf 87' lang='lat' dir='ltr'>latinebalbutiens,</span> 
     </span>
     <span class='ocr_line' id='line_1_39' title="bbox 64 2232 1114 2279; baseline -0.003 -11"><span class='ocrx_word' id='word_1_237' title='bbox 64 2233 191 2269; x_wconf 79' lang='lat' dir='ltr'>obvios</span> <span class='ocrx_word' id='word_1_238' title='bbox 206 2244 364 2279; x_wconf 88' lang='lat' dir='ltr'>quosque</span> <span class='ocrx_word' id='word_1_239' title='bbox 385 2233 496 2268; x_wconf 89' lang='lat' dir='ltr'>libros</span> <span class='ocrx_word' id='word_1_240' title='bbox 518 2243 613 2267; x_wconf 90' lang='lat' dir='ltr'>nunc</span> <span class='ocrx_word' id='word_1_241' title='bbox 630 2232 825 2278; x_wconf 86' lang='lat' dir='ltr'>arripiebat</span> <span class='ocrx_word' id='word_1_242' title='bbox 845 2243 939 2266; x_wconf 87' lang='lat' dir='ltr'>nunc</span> <span class='ocrx_word' id='word_1_243' title='bbox 960 2232 1114 2277; x_wconf 86' lang='lat' dir='ltr'>depone-</span> 
     </span>
     <span class='ocr_line' id='line_1_40' title="bbox 64 2290 1114 2339; baseline -0.004 -12"><span class='ocrx_word' id='word_1_244' title='bbox 64 2293 138 2339; x_wconf 88' lang='lat' dir='ltr'>bat,</span> <span class='ocrx_word' id='word_1_245' title='bbox 150 2295 184 2327; x_wconf 91' lang='lat' dir='ltr'>et</span> <span class='ocrx_word' id='word_1_246' title='bbox 198 2292 274 2327; x_wconf 82' lang='lat' dir='ltr'>sine</span> <span class='ocrx_word' id='word_1_247' title='bbox 288 2293 425 2327; x_wconf 90' lang='lat' dir='ltr'>delectu</span> <span class='ocrx_word' id='word_1_248' title='bbox 440 2292 602 2338; x_wconf 86' lang='lat' dir='ltr'>aperiens</span> <span class='ocrx_word' id='word_1_249' title='bbox 618 2291 856 2336; x_wconf 84' lang='lat' dir='ltr'>claudensque</span> <span class='ocrx_word' id='word_1_250' title='bbox 866 2302 959 2325; x_wconf 88' lang='lat' dir='ltr'>nunc</span> <span class='ocrx_word' id='word_1_251' title='bbox 975 2290 1114 2325; x_wconf 81' lang='lat' dir='ltr'>libabat</span> 
     </span>
     <span class='ocr_line' id='line_1_41' title="bbox 64 2349 1114 2397; baseline -0.002 -12"><span class='ocrx_word' id='word_1_252' title='bbox 64 2351 215 2397; x_wconf 89' lang='lat' dir='ltr'>aliquid,</span> <span class='ocrx_word' id='word_1_253' title='bbox 239 2362 333 2386; x_wconf 88' lang='lat' dir='ltr'>nunc</span> <span class='ocrx_word' id='word_1_254' title='bbox 360 2350 615 2397; x_wconf 87' lang='lat' dir='ltr'>transsiliebat,</span> <span class='ocrx_word' id='word_1_255' title='bbox 637 2353 744 2396; x_wconf 88' lang='lat' dir='ltr'>prout</span> <span class='ocrx_word' id='word_1_256' title='bbox 764 2349 926 2384; x_wconf 86' lang='lat' dir='ltr'>claritate</span> <span class='ocrx_word' id='word_1_257' title='bbox 947 2349 1114 2384; x_wconf 88' lang='lat' dir='ltr'>dictionis</span> 
     </span>
     <span class='ocr_line' id='line_1_42' title="bbox 64 2408 1114 2456; baseline -0.004 -11"><span class='ocrx_word' id='word_1_258' title='bbox 64 2412 128 2445; x_wconf 86' lang='lat' dir='ltr'>aut</span> <span class='ocrx_word' id='word_1_259' title='bbox 144 2409 369 2453; x_wconf 86' lang='lat' dir='ltr'>jucunditate</span> <span class='ocrx_word' id='word_1_260' title='bbox 397 2412 598 2456; x_wconf 78' lang='lat' dir='ltr'>argumenti</span> <span class='ocrx_word' id='word_1_261' title='bbox 619 2409 852 2443; x_wconf 74' lang='lat' dir='ltr'>invitabatur.</span> <span class='ocrx_word' id='word_1_262' title='bbox 897 2408 1114 2442; x_wconf 77' lang='lat' dir='ltr'>Credidisses</span> 
     </span>
     <span class='ocr_line' id='line_1_43' title="bbox 64 2467 1113 2515; baseline -0.001 -13"><span class='ocrx_word' id='word_1_263' title='bbox 64 2479 149 2502; x_wconf 90' lang='lat' dir='ltr'>eum</span> <span class='ocrx_word' id='word_1_264' title='bbox 159 2469 302 2503; x_wconf 84' lang='lat' dir='ltr'>fortuna</span> <span class='ocrx_word' id='word_1_265' title='bbox 312 2480 376 2515; x_wconf 92' lang='lat' dir='ltr'>pro</span> <span class='ocrx_word' id='word_1_266' title='bbox 385 2470 613 2514; x_wconf 81' lang='lat' dir='ltr'>praeceptore</span> <span class='ocrx_word' id='word_1_267' title='bbox 622 2468 685 2513; x_wconf 84' lang='lat' dir='ltr'>nti,</span> <span class='ocrx_word' id='word_1_268' title='bbox 697 2470 804 2513; x_wconf 85' lang='lat' dir='ltr'>atque.</span> <span class='ocrx_word' id='word_1_269' title='bbox 813 2467 900 2502; x_wconf 88' lang='lat' dir='ltr'>illud</span> <span class='ocrx_word' id='word_1_270' title='bbox 910 2467 1013 2501; x_wconf 88' lang='lat' dir='ltr'>Tolle</span> <span class='ocrx_word' id='word_1_271' title='bbox 1021 2467 1113 2512; x_wconf 74' lang='lat' dir='ltr'>Lege</span> 
     </span>
     <span class='ocr_line' id='line_1_44' title="bbox 64 2525 1113 2572; baseline -0.003 -10"><span class='ocrx_word' id='word_1_272' title='bbox 64 2526 134 2562; x_wconf 82' lang='lat' dir='ltr'>sibi</span> <span class='ocrx_word' id='word_1_273' title='bbox 156 2526 290 2561; x_wconf 85' lang='lat' dir='ltr'>dictum</span> <span class='ocrx_word' id='word_1_274' title='bbox 310 2529 449 2572; x_wconf 87' lang='lat' dir='ltr'>putare.</span> <span class='ocrx_word' id='word_1_275' title='bbox 510 2527 599 2561; x_wconf 86' lang='lat' dir='ltr'>Erat</span> <span class='ocrx_word' id='word_1_276' title='bbox 621 2526 719 2561; x_wconf 88' lang='lat' dir='ltr'>enini</span> <span class='ocrx_word' id='word_1_277' title='bbox 738 2526 858 2561; x_wconf 90' lang='lat' dir='ltr'>alieno</span> <span class='ocrx_word' id='word_1_278' title='bbox 878 2525 1028 2561; x_wconf 90' lang='lat' dir='ltr'>consilio</span> <span class='ocrx_word' id='word_1_279' title='bbox 1049 2536 1113 2571; x_wconf 90' lang='lat' dir='ltr'>per</span> 
     </span>
     <span class='ocr_line' id='line_1_45' title="bbox 65 2584 1112 2630; baseline -0.003 -10"><span class='ocrx_word' id='word_1_280' title='bbox 65 2587 248 2620; x_wconf 81' lang='lat' dir='ltr'>fortunam</span> <span class='ocrx_word' id='word_1_281' title='bbox 282 2585 417 2619; x_wconf 84' lang='lat' dir='ltr'>carenti</span> <span class='ocrx_word' id='word_1_282' title='bbox 450 2585 597 2630; x_wconf 87' lang='lat' dir='ltr'>propria</span> <span class='ocrx_word' id='word_1_283' title='bbox 625 2596 689 2630; x_wconf 90' lang='lat' dir='ltr'>per</span> <span class='ocrx_word' id='word_1_284' title='bbox 723 2588 878 2620; x_wconf 86' lang='lat' dir='ltr'>aetatem</span> <span class='ocrx_word' id='word_1_285' title='bbox 912 2584 1112 2619; x_wconf 84' lang='lat' dir='ltr'>necessaria</span> 
     </span>
     <span class='ocr_line' id='line_1_46' title="bbox 64 2642 1113 2688; baseline -0.002 -9"><span class='ocrx_word' id='word_1_286' title='bbox 64 2643 258 2688; x_wconf 68' lang='lat' dir='ltr'>temeritas,</span> <span class='ocrx_word' id='word_1_287' title='bbox 279 2642 336 2677; x_wconf 90' lang='lat' dir='ltr'>cui</span> <span class='ocrx_word' id='word_1_288' title='bbox 356 2653 558 2677; x_wconf 84' lang='lat' dir='ltr'>succurrere</span> <span class='ocrx_word' id='word_1_289' title='bbox 577 2643 673 2677; x_wconf 91' lang='lat' dir='ltr'>Deus</span> <span class='ocrx_word' id='word_1_290' title='bbox 700 2643 803 2678; x_wconf 90' lang='lat' dir='ltr'>solet.</span> <span class='ocrx_word' id='word_1_291' title='bbox 849 2644 895 2678; x_wconf 81' lang='lat' dir='ltr'>Et</span> <span class='ocrx_word' id='word_1_292' title='bbox 916 2648 1009 2677; x_wconf 88' lang='lat' dir='ltr'>certe</span> <span class='ocrx_word' id='word_1_293' title='bbox 1030 2642 1113 2677; x_wconf 88' lang='lat' dir='ltr'>tulit</span> 
     </span>
     <span class='ocr_line' id='line_1_47' title="bbox 63 2700 1112 2747; baseline -0.003 -10"><span class='ocrx_word' id='word_1_294' title='bbox 63 2713 175 2747; x_wconf 86' lang='lat' dir='ltr'>casus,</span> <span class='ocrx_word' id='word_1_295' title='bbox 196 2705 237 2736; x_wconf 88' lang='grc'>111</span> <span class='ocrx_word' id='word_1_296' title='bbox 257 2701 295 2736; x_wconf 87' lang='grc'>111</span> <span class='ocrx_word' id='word_1_297' title='bbox 316 2704 452 2735; x_wconf 76' lang='lat' dir='ltr'>veteres</span> <span class='ocrx_word' id='word_1_298' title='bbox 468 2701 623 2745; x_wconf 83' lang='lat' dir='ltr'>primuni</span> <span class='ocrx_word' id='word_1_299' title='bbox 643 2701 826 2746; x_wconf 76' lang='lat' dir='ltr'>incideret,</span> <span class='ocrx_word' id='word_1_300' title='bbox 848 2702 886 2735; x_wconf 90' lang='lat' dir='ltr'>in</span> <span class='ocrx_word' id='word_1_301' title='bbox 902 2700 1030 2746; x_wconf 87' lang='lat' dir='ltr'>quibus</span> <span class='ocrx_word' id='word_1_302' title='bbox 1052 2700 1112 2735; x_wconf 93' lang='lat' dir='ltr'>ille</span> 
     </span>
     <span class='ocr_line' id='line_1_48' title="bbox 64 2758 1112 2807; baseline -0.003 -12"><span class='ocrx_word' id='word_1_303' title='bbox 64 2761 171 2798; x_wconf 90' lang='lat' dir='ltr'>initio</span> <span class='ocrx_word' id='word_1_304' title='bbox 192 2760 292 2807; x_wconf 89' lang='lat' dir='ltr'>nihil,</span> <span class='ocrx_word' id='word_1_305' title='bbox 316 2759 490 2806; x_wconf 88' lang='lat' dir='ltr'>paulatim</span> <span class='ocrx_word' id='word_1_306' title='bbox 511 2758 658 2804; x_wconf 86' lang='lat' dir='ltr'>aliquid,</span> <span class='ocrx_word' id='word_1_307' title='bbox 681 2759 833 2804; x_wconf 88' lang='lat' dir='ltr'>denique</span> <span class='ocrx_word' id='word_1_308' title='bbox 862 2762 1037 2804; x_wconf 85' lang='lat' dir='ltr'>quantuni</span> <span class='ocrx_word' id='word_1_309' title='bbox 1058 2770 1112 2792; x_wconf 89' lang='lat' dir='ltr'>sa-</span> 
     </span>
     <span class='ocr_line' id='line_1_49' title="bbox 65 2816 1111 2865; baseline -0.005 -10"><span class='ocrx_word' id='word_1_310' title='bbox 65 2820 111 2855; x_wconf 89' lang='lat' dir='ltr'>tis</span> <span class='ocrx_word' id='word_1_311' title='bbox 139 2822 251 2865; x_wconf 79' lang='lat' dir='ltr'>esset,</span> <span class='ocrx_word' id='word_1_312' title='bbox 282 2818 525 2863; x_wconf 75' lang='lat' dir='ltr'>intelligebat:</span> <span class='ocrx_word' id='word_1_313' title='bbox 560 2820 671 2861; x_wconf 87' lang='lat' dir='ltr'>utque</span> <span class='ocrx_word' id='word_1_314' title='bbox 705 2816 745 2851; x_wconf 92' lang='lat' dir='ltr'>in</span> <span class='ocrx_word' id='word_1_315' title='bbox 777 2817 852 2851; x_wconf 89' lang='lat' dir='ltr'>sole</span> <span class='ocrx_word' id='word_1_316' title='bbox 886 2816 1111 2851; x_wconf 86' lang='lat' dir='ltr'>ambulantes</span> 
     </span>
     <span class='ocr_line' id='line_1_50' title="bbox 64 2874 1110 2923; baseline -0.006 -9"><span class='ocrx_word' id='word_1_317' title='bbox 64 2878 177 2914; x_wconf 80' lang='lat' dir='ltr'>etiam</span> <span class='ocrx_word' id='word_1_318' title='bbox 195 2877 294 2913; x_wconf 87' lang='lat' dir='ltr'>aliud</span> <span class='ocrx_word' id='word_1_319' title='bbox 314 2876 453 2923; x_wconf 81' lang='lat' dir='ltr'>agendo</span> <span class='ocrx_word' id='word_1_320' title='bbox 475 2875 691 2919; x_wconf 87' lang='lat' dir='ltr'>colorantur,</span> <span class='ocrx_word' id='word_1_321' title='bbox 717 2875 910 2909; x_wconf 87' lang='lat' dir='ltr'>tincturam</span> <span class='ocrx_word' id='word_1_322' title='bbox 930 2874 1110 2920; x_wconf 89' lang='lat' dir='ltr'>quandam</span> 
     </span>
     <span class='ocr_line' id='line_1_51' title="bbox 63 2932 1110 2982; baseline -0.006 -10"><span class='ocrx_word' id='word_1_323' title='bbox 63 2947 140 2972; x_wconf 88' lang='lat' dir='ltr'>non</span> <span class='ocrx_word' id='word_1_324' title='bbox 160 2935 328 2972; x_wconf 89' lang='lat' dir='ltr'>dictionis</span> <span class='ocrx_word' id='word_1_325' title='bbox 348 2938 509 2982; x_wconf 87' lang='lat' dir='ltr'>tantum,</span> <span class='ocrx_word' id='word_1_326' title='bbox 539 2934 601 2969; x_wconf 92' lang='lat' dir='ltr'>sed</span> <span class='ocrx_word' id='word_1_327' title='bbox 621 2936 657 2968; x_wconf 92' lang='lat' dir='ltr'>et</span> <span class='ocrx_word' id='word_1_328' title='bbox 683 2932 941 2968; x_wconf 88' lang='lat' dir='ltr'>sententiarum</span> <span class='ocrx_word' id='word_1_329' title='bbox 969 2935 1110 2967; x_wconf 88' lang='lat' dir='ltr'>contra-</span> 
     </span>
     <span class='ocr_line' id='line_1_52' title="bbox 63 2990 1108 3036; baseline -0.006 -5"><span class='ocrx_word' id='word_1_330' title='bbox 63 2998 178 3032; x_wconf 82' lang='lat' dir='ltr'>xerat.</span> <span class='ocrx_word' id='word_1_331' title='bbox 238 2994 344 3030; x_wconf 87' lang='lat' dir='ltr'>Unde</span> <span class='ocrx_word' id='word_1_332' title='bbox 363 2994 410 3029; x_wconf 92' lang='lat' dir='ltr'>ad</span> <span class='ocrx_word' id='word_1_333' title='bbox 428 2993 642 3029; x_wconf 85' lang='lat' dir='ltr'>recentiores</span> <span class='ocrx_word' id='word_1_334' title='bbox 662 2991 782 3026; x_wconf 89' lang='lat' dir='ltr'>delato</span> <span class='ocrx_word' id='word_1_335' title='bbox 803 2990 997 3026; x_wconf 84' lang='lat' dir='ltr'>sordebant</span> <span class='ocrx_word' id='word_1_336' title='bbox 1017 3001 1108 3036; x_wconf 86' lang='lat' dir='ltr'>quae</span> 
     </span>
     <span class='ocr_line' id='line_1_53' title="bbox 64 3048 1107 3099; baseline -0.006 -10"><span class='ocrx_word' id='word_1_337' title='bbox 64 3056 150 3090; x_wconf 86' lang='lat' dir='ltr'>tune</span> <span class='ocrx_word' id='word_1_338' title='bbox 169 3053 209 3088; x_wconf 91' lang='lat' dir='ltr'>in</span> <span class='ocrx_word' id='word_1_339' title='bbox 229 3053 381 3088; x_wconf 84' lang='lat' dir='ltr'>officinis</span> <span class='ocrx_word' id='word_1_340' title='bbox 400 3052 601 3099; x_wconf 73' lang='lat' dir='ltr'>regnabant</span> <span class='ocrx_word' id='word_1_341' title='bbox 620 3053 797 3085; x_wconf 86' lang='lat' dir='ltr'>tumentes</span> <span class='ocrx_word' id='word_1_342' title='bbox 818 3049 998 3094; x_wconf 88' lang='lat' dir='ltr'>ampullae</span> <span class='ocrx_word' id='word_1_343' title='bbox 1017 3048 1107 3083; x_wconf 85' lang='lat' dir='ltr'>nihil</span> 
     </span>
    </p>
   </div>
   <div class='ocr_carea' id='block_1_19' title="bbox 1142 1754 2231 1809">
    <p class='ocr_par' dir='ltr' id='par_1_19' title="bbox 1142 1754 2231 1809">
     <span class='ocr_line' id='line_1_54' title="bbox 1142 1754 2231 1809; baseline -0.007 -12"><span class='ocrx_word' id='word_1_344' title='bbox 1142 1762 1144 1773; x_wconf 79' lang='lat'><em>&#39;</em></span> <span class='ocrx_word' id='word_1_345' title='bbox 1179 1761 1427 1809; x_wconf 73' lang='lat' dir='ltr'>appellabant:</span> <span class='ocrx_word' id='word_1_346' title='bbox 1456 1770 1536 1794; x_wconf 87' lang='lat' dir='ltr'>cnm</span> <span class='ocrx_word' id='word_1_347' title='bbox 1564 1761 1725 1793; x_wconf 70' lang='lat' dir='ltr'>veterum</span> <span class='ocrx_word' id='word_1_348' title='bbox 1747 1756 1905 1803; x_wconf 75' lang='lat' dir='ltr'>cogitata</span> <span class='ocrx_word' id='word_1_349' title='bbox 1931 1754 2088 1791; x_wconf 88' lang='lat' dir='ltr'>mascula</span> <span class='ocrx_word' id='word_1_350' title='bbox 2117 1758 2153 1791; x_wconf 90' lang='lat' dir='ltr'>et</span> <span class='ocrx_word' id='word_1_351' title='bbox 2180 1755 2231 1789; x_wconf 91' lang='lat' dir='ltr'>in-</span> 
     </span>
    </p>
   </div>
   <div class='ocr_carea' id='block_1_20' title="bbox 1176 1814 2232 3035">
    <p class='ocr_par' dir='ltr' id='par_1_20' title="bbox 1179 1814 2232 2740">
     <span class='ocr_line' id='line_1_55' title="bbox 1180 1814 2232 1867; baseline -0.008 -12"><span class='ocrx_word' id='word_1_352' title='bbox 1180 1820 1301 1867; x_wconf 74' lang='lat' dir='ltr'>gentia</span> <span class='ocrx_word' id='word_1_353' title='bbox 1321 1824 1356 1855; x_wconf 90' lang='lat' dir='ltr'>et</span> <span class='ocrx_word' id='word_1_354' title='bbox 1375 1818 1532 1854; x_wconf 69' lang='lat' dir='ltr'>excitata</span> <span class='ocrx_word' id='word_1_355' title='bbox 1561 1820 1597 1851; x_wconf 88' lang='lat' dir='ltr'>et</span> <span class='ocrx_word' id='word_1_356' title='bbox 1617 1817 1712 1851; x_wconf 75' lang='lat' dir='ltr'>velut</span> <span class='ocrx_word' id='word_1_357' title='bbox 1734 1815 2035 1861; x_wconf 75' lang='lat' dir='ltr'>supereminentia</span> <span class='ocrx_word' id='word_1_358' title='bbox 2064 1814 2169 1849; x_wconf 87' lang='lat' dir='ltr'>rebus</span> <span class='ocrx_word' id='word_1_359' title='bbox 2196 1817 2232 1847; x_wconf 84' lang='lat' dir='ltr'>et.</span> 
     </span>
     <span class='ocr_line' id='line_1_56' title="bbox 1181 1872 2232 1913; baseline -0.007 0"><span class='ocrx_word' id='word_1_360' title='bbox 1181 1890 1326 1913; x_wconf 88' lang='lat' dir='ltr'>omnem</span> <span class='ocrx_word' id='word_1_361' title='bbox 1346 1878 1441 1912; x_wconf 77' lang='lat' dir='ltr'>vitae</span> <span class='ocrx_word' id='word_1_362' title='bbox 1461 1878 1638 1912; x_wconf 85' lang='lat' dir='ltr'>humanae</span> <span class='ocrx_word' id='word_1_363' title='bbox 1658 1878 1811 1910; x_wconf 83' lang='lat' dir='ltr'>tractum</span> <span class='ocrx_word' id='word_1_364' title='bbox 1832 1874 1928 1908; x_wconf 78' lang='lat' dir='ltr'>velut</span> <span class='ocrx_word' id='word_1_365' title='bbox 1944 1873 1982 1908; x_wconf 92' lang='lat' dir='ltr'>in</span> <span class='ocrx_word' id='word_1_366' title='bbox 1999 1872 2122 1907; x_wconf 86' lang='lat' dir='ltr'>tabula</span> <span class='ocrx_word' id='word_1_367' title='bbox 2136 1882 2232 1907; x_wconf 87' lang='lat' dir='ltr'>com-</span> 
     </span>
     <span class='ocr_line' id='line_1_57' title="bbox 1181 1932 2231 1985; baseline -0.008 -13"><span class='ocrx_word' id='word_1_368' title='bbox 1181 1939 1301 1985; x_wconf 72' lang='lat' dir='ltr'>plexa,</span> <span class='ocrx_word' id='word_1_369' title='bbox 1324 1936 1519 1971; x_wconf 75' lang='lat' dir='ltr'>dictionem</span> <span class='ocrx_word' id='word_1_370' title='bbox 1539 1937 1660 1969; x_wconf 87' lang='lat' dir='ltr'>autem</span> <span class='ocrx_word' id='word_1_371' title='bbox 1675 1933 1875 1967; x_wconf 86' lang='lat' dir='ltr'>naturalem</span> <span class='ocrx_word' id='word_1_372' title='bbox 1896 1936 1929 1967; x_wconf 89' lang='lat' dir='ltr'>et</span> <span class='ocrx_word' id='word_1_373' title='bbox 1951 1932 2084 1967; x_wconf 86' lang='lat' dir='ltr'>claram</span> <span class='ocrx_word' id='word_1_374' title='bbox 2100 1934 2136 1965; x_wconf 89' lang='lat' dir='ltr'>et</span> <span class='ocrx_word' id='word_1_375' title='bbox 2150 1941 2231 1976; x_wconf 89' lang='lat' dir='ltr'>pro-</span> 
     </span>
     <span class='ocr_line' id='line_1_58' title="bbox 1182 1989 2229 2039; baseline -0.008 -9"><span class='ocrx_word' id='word_1_376' title='bbox 1182 1997 1353 2031; x_wconf 86' lang='lat' dir='ltr'>fluentem</span> <span class='ocrx_word' id='word_1_377' title='bbox 1375 1998 1411 2030; x_wconf 87' lang='lat' dir='ltr'>et</span> <span class='ocrx_word' id='word_1_378' title='bbox 1430 1994 1536 2029; x_wconf 87' lang='lat' dir='ltr'>rebus</span> <span class='ocrx_word' id='word_1_379' title='bbox 1558 2004 1691 2039; x_wconf 74' lang='lat' dir='ltr'>parem,</span> <span class='ocrx_word' id='word_1_380' title='bbox 1714 1992 1820 2037; x_wconf 73' lang='lat' dir='ltr'>longe</span> <span class='ocrx_word' id='word_1_381' title='bbox 1840 1990 1930 2025; x_wconf 89' lang='lat' dir='ltr'>alios</span> <span class='ocrx_word' id='word_1_382' title='bbox 1959 1993 2077 2024; x_wconf 89' lang='lat' dir='ltr'>motus</span> <span class='ocrx_word' id='word_1_383' title='bbox 2098 1989 2229 2023; x_wconf 88' lang='lat' dir='ltr'>animis</span> 
     </span>
     <span class='ocr_line' id='line_1_59' title="bbox 1182 2048 2229 2100; baseline -0.008 -11"><span class='ocrx_word' id='word_1_384' title='bbox 1182 2056 1390 2100; x_wconf 75' lang='lat' dir='ltr'>ingenerare</span> <span class='ocrx_word' id='word_1_385' title='bbox 1420 2051 1652 2087; x_wconf 84' lang='lat' dir='ltr'>meminisset.</span> <span class='ocrx_word' id='word_1_386' title='bbox 1713 2050 1793 2084; x_wconf 84' lang='lat' dir='ltr'>Fuit</span> <span class='ocrx_word' id='word_1_387' title='bbox 1830 2049 1896 2083; x_wconf 82' lang='lat' dir='ltr'>hoc</span> <span class='ocrx_word' id='word_1_388' title='bbox 1927 2048 2119 2083; x_wconf 79' lang='lat' dir='ltr'>discrimen</span> <span class='ocrx_word' id='word_1_389' title='bbox 2154 2050 2229 2081; x_wconf 89' lang='lat' dir='ltr'>tam</span> 
     </span>
     <span class='ocr_line' id='line_1_60' title="bbox 1182 2107 2228 2157; baseline -0.009 -9"><span class='ocrx_word' id='word_1_390' title='bbox 1182 2112 1355 2157; x_wconf 86' lang='lat' dir='ltr'>notabile,</span> <span class='ocrx_word' id='word_1_391' title='bbox 1378 2114 1417 2146; x_wconf 88' lang='lat' dir='ltr'>ut</span> <span class='ocrx_word' id='word_1_392' title='bbox 1439 2121 1485 2145; x_wconf 80' lang='lat' dir='ltr'>ex</span> <span class='ocrx_word' id='word_1_393' title='bbox 1506 2120 1548 2145; x_wconf 90' lang='lat' dir='ltr'>eo</span> <span class='ocrx_word' id='word_1_394' title='bbox 1570 2112 1730 2155; x_wconf 85' lang='lat' dir='ltr'>tempore</span> <span class='ocrx_word' id='word_1_395' title='bbox 1758 2108 1829 2142; x_wconf 91' lang='lat' dir='ltr'>duo</span> <span class='ocrx_word' id='word_1_396' title='bbox 1850 2107 1919 2142; x_wconf 85' lang='lat' dir='ltr'>sibi</span> <span class='ocrx_word' id='word_1_397' title='bbox 1940 2107 2124 2141; x_wconf 74' lang='lat' dir='ltr'>axiomata</span> <span class='ocrx_word' id='word_1_398' title='bbox 2144 2116 2228 2140; x_wconf 86' lang='lat' dir='ltr'>con-</span> 
     </span>
     <span class='ocr_line' id='line_1_61' title="bbox 1182 2163 2229 2216; baseline -0.01 -9"><span class='ocrx_word' id='word_1_399' title='bbox 1182 2172 1362 2207; x_wconf 85' lang='lat' dir='ltr'>stitueret:</span> <span class='ocrx_word' id='word_1_400' title='bbox 1395 2180 1563 2216; x_wconf 86' lang='lat' dir='ltr'>quaerere</span> <span class='ocrx_word' id='word_1_401' title='bbox 1597 2177 1736 2213; x_wconf 87' lang='lat' dir='ltr'>semper</span> <span class='ocrx_word' id='word_1_402' title='bbox 1762 2166 1799 2200; x_wconf 93' lang='lat' dir='ltr'>in</span> <span class='ocrx_word' id='word_1_403' title='bbox 1827 2165 1979 2201; x_wconf 86' lang='lat' dir='ltr'>verbis</span> <span class='ocrx_word' id='word_1_404' title='bbox 2011 2163 2229 2209; x_wconf 87' lang='lat' dir='ltr'>caeterisque</span> 
     </span>
     <span class='ocr_line' id='line_1_62' title="bbox 1182 2222 2229 2275; baseline -0.009 -10"><span class='ocrx_word' id='word_1_405' title='bbox 1182 2230 1295 2266; x_wconf 89' lang='lat' dir='ltr'>animi</span> <span class='ocrx_word' id='word_1_406' title='bbox 1316 2229 1426 2275; x_wconf 77' lang='lat' dir='ltr'>signis</span> <span class='ocrx_word' id='word_1_407' title='bbox 1447 2227 1655 2269; x_wconf 83' lang='lat' dir='ltr'>claritatem,</span> <span class='ocrx_word' id='word_1_408' title='bbox 1678 2225 1717 2259; x_wconf 90' lang='lat' dir='ltr'>in</span> <span class='ocrx_word' id='word_1_409' title='bbox 1745 2224 1879 2259; x_wconf 89' lang='lat' dir='ltr'>rebus</span> <span class='ocrx_word' id='word_1_410' title='bbox 1907 2234 2021 2258; x_wconf 87' lang='lat' dir='ltr'>usum.</span> <span class='ocrx_word' id='word_1_411' title='bbox 2068 2222 2229 2263; x_wconf 85' lang='lat' dir='ltr'>Quorum</span> 
     </span>
     <span class='ocr_line' id='line_1_63' title="bbox 1182 2280 2227 2334; baseline -0.01 -10"><span class='ocrx_word' id='word_1_412' title='bbox 1182 2289 1271 2324; x_wconf 91' lang='lat' dir='ltr'>illud</span> <span class='ocrx_word' id='word_1_413' title='bbox 1289 2291 1412 2334; x_wconf 88' lang='lat' dir='ltr'>postea</span> <span class='ocrx_word' id='word_1_414' title='bbox 1428 2285 1546 2322; x_wconf 83' lang='lat' dir='ltr'>omnis</span> <span class='ocrx_word' id='word_1_415' title='bbox 1569 2283 1759 2330; x_wconf 86' lang='lat' dir='ltr'>judicii,</span> <span class='ocrx_word' id='word_1_416' title='bbox 1789 2283 1856 2318; x_wconf 89' lang='lat' dir='ltr'>hoc</span> <span class='ocrx_word' id='word_1_417' title='bbox 1879 2281 2097 2317; x_wconf 74' lang='lat' dir='ltr'>inventionis</span> <span class='ocrx_word' id='word_1_418' title='bbox 2124 2280 2227 2315; x_wconf 86' lang='lat' dir='ltr'>basin</span> 
     </span>
     <span class='ocr_line' id='line_1_64' title="bbox 1182 2339 2228 2393; baseline -0.01 -10"><span class='ocrx_word' id='word_1_419' title='bbox 1182 2359 1257 2383; x_wconf 83' lang='lat' dir='ltr'>esse</span> <span class='ocrx_word' id='word_1_420' title='bbox 1272 2347 1406 2393; x_wconf 88' lang='lat' dir='ltr'>didicit,</span> <span class='ocrx_word' id='word_1_421' title='bbox 1420 2349 1456 2380; x_wconf 91' lang='lat' dir='ltr'>et</span> <span class='ocrx_word' id='word_1_422' title='bbox 1470 2345 1656 2391; x_wconf 86' lang='lat' dir='ltr'>plerosque</span> <span class='ocrx_word' id='word_1_423' title='bbox 1671 2353 1816 2387; x_wconf 85' lang='lat' dir='ltr'>errasse,</span> <span class='ocrx_word' id='word_1_424' title='bbox 1833 2341 1928 2386; x_wconf 92' lang='lat' dir='ltr'>quod</span> <span class='ocrx_word' id='word_1_425' title='bbox 1942 2351 2022 2375; x_wconf 88' lang='lat' dir='ltr'>suas</span> <span class='ocrx_word' id='word_1_426' title='bbox 2039 2339 2108 2375; x_wconf 87' lang='lat' dir='ltr'>sibi</span> <span class='ocrx_word' id='word_1_427' title='bbox 2124 2350 2228 2374; x_wconf 77' lang='lat' dir='ltr'>voces</span> 
     </span>
     <span class='ocr_line' id='line_1_65' title="bbox 1182 2398 2226 2448; baseline -0.009 -7"><span class='ocrx_word' id='word_1_428' title='bbox 1182 2417 1256 2441; x_wconf 93' lang='lat' dir='ltr'>non</span> <span class='ocrx_word' id='word_1_429' title='bbox 1289 2406 1376 2440; x_wconf 90' lang='lat' dir='ltr'>satis</span> <span class='ocrx_word' id='word_1_430' title='bbox 1411 2404 1577 2439; x_wconf 85' lang='lat' dir='ltr'>distincte</span> <span class='ocrx_word' id='word_1_431' title='bbox 1612 2401 1860 2448; x_wconf 78' lang='lat' dir='ltr'>explicassent,</span> <span class='ocrx_word' id='word_1_432' title='bbox 1899 2402 2006 2445; x_wconf 88' lang='lat' dir='ltr'>atque</span> <span class='ocrx_word' id='word_1_433' title='bbox 2033 2399 2071 2433; x_wconf 90' lang='lat' dir='ltr'>in</span> <span class='ocrx_word' id='word_1_434' title='bbox 2100 2398 2226 2433; x_wconf 85' lang='lat' dir='ltr'>ultima</span> 
     </span>
     <span class='ocr_line' id='line_1_66' title="bbox 1180 2457 2227 2507; baseline -0.01 -7"><span class='ocrx_word' id='word_1_435' title='bbox 1180 2466 1357 2500; x_wconf 88' lang='lat' dir='ltr'>elementa</span> <span class='ocrx_word' id='word_1_436' title='bbox 1371 2463 1608 2507; x_wconf 73' lang='lat' dir='ltr'>resolvissent,</span> <span class='ocrx_word' id='word_1_437' title='bbox 1625 2460 1716 2496; x_wconf 89' lang='lat' dir='ltr'>alios</span> <span class='ocrx_word' id='word_1_438' title='bbox 1731 2459 1840 2494; x_wconf 89' lang='lat' dir='ltr'>etiam</span> <span class='ocrx_word' id='word_1_439' title='bbox 1856 2457 2120 2505; x_wconf 76' lang='lat' dir='ltr'>experimentis,</span> <span class='ocrx_word' id='word_1_440' title='bbox 2136 2466 2227 2503; x_wconf 90' lang='lat' dir='ltr'>quae</span> 
     </span>
     <span class='ocr_line' id='line_1_67' title="bbox 1180 2516 2226 2566; baseline -0.01 -7"><span class='ocrx_word' id='word_1_441' title='bbox 1180 2524 1219 2559; x_wconf 92' lang='lat' dir='ltr'>in</span> <span class='ocrx_word' id='word_1_442' title='bbox 1239 2533 1349 2558; x_wconf 88' lang='lat' dir='ltr'>manu</span> <span class='ocrx_word' id='word_1_443' title='bbox 1369 2522 1561 2566; x_wconf 83' lang='lat' dir='ltr'>habebant,</span> <span class='ocrx_word' id='word_1_444' title='bbox 1589 2538 1635 2544; x_wconf 88' lang='lat'>-—</span> <span class='ocrx_word' id='word_1_445' title='bbox 1660 2518 1757 2564; x_wconf 91' lang='lat' dir='ltr'>quod</span> <span class='ocrx_word' id='word_1_446' title='bbox 1777 2520 1853 2552; x_wconf 88' lang='lat' dir='ltr'>arte</span> <span class='ocrx_word' id='word_1_447' title='bbox 1872 2516 2134 2552; x_wconf 87' lang='lat' dir='ltr'>combinatoria</span> <span class='ocrx_word' id='word_1_448' title='bbox 2153 2526 2226 2549; x_wconf 90' lang='lat' dir='ltr'>me-</span> 
     </span>
     <span class='ocr_line' id='line_1_68' title="bbox 1181 2573 2224 2622; baseline -0.009 -5"><span class='ocrx_word' id='word_1_449' title='bbox 1181 2583 1324 2619; x_wconf 89' lang='lat' dir='ltr'>diorum</span> <span class='ocrx_word' id='word_1_450' title='bbox 1359 2592 1399 2616; x_wconf 86' lang='lat' dir='ltr'>ac</span> <span class='ocrx_word' id='word_1_451' title='bbox 1426 2580 1551 2615; x_wconf 88' lang='lat' dir='ltr'>finium</span> <span class='ocrx_word' id='word_1_452' title='bbox 1579 2579 1749 2622; x_wconf 87' lang='lat' dir='ltr'>carerent,</span> <span class='ocrx_word' id='word_1_453' title='bbox 1778 2576 1873 2621; x_wconf 89' lang='lat' dir='ltr'>quod</span> <span class='ocrx_word' id='word_1_454' title='bbox 1902 2575 2009 2610; x_wconf 90' lang='lat' dir='ltr'>illud:</span> <span class='ocrx_word' id='word_1_455' title='bbox 2047 2573 2116 2609; x_wconf 85' lang='lat' dir='ltr'>dic</span> <span class='ocrx_word' id='word_1_456' title='bbox 2150 2584 2224 2608; x_wconf 87' lang='lat' dir='ltr'>cur</span> 
     </span>
     <span class='ocr_line' id='line_1_69' title="bbox 1180 2633 2222 2686; baseline -0.01 -10"><span class='ocrx_word' id='word_1_457' title='bbox 1180 2641 1270 2686; x_wconf 92' lang='lat' dir='ltr'>hic,</span> <span class='ocrx_word' id='word_1_458' title='bbox 1292 2639 1382 2675; x_wconf 91' lang='lat' dir='ltr'>illud</span> <span class='ocrx_word' id='word_1_459' title='bbox 1409 2638 1480 2674; x_wconf 90' lang='lat' dir='ltr'>cui</span> <span class='ocrx_word' id='word_1_460' title='bbox 1506 2638 1642 2682; x_wconf 84' lang='lat' dir='ltr'>bono,</span> <span class='ocrx_word' id='word_1_461' title='bbox 1665 2634 1754 2670; x_wconf 88' lang='lat' dir='ltr'>illud</span> <span class='ocrx_word' id='word_1_462' title='bbox 1774 2633 1965 2681; x_wconf 85' lang='lat' dir='ltr'>Respice</span> <span class='ocrx_word' id='word_1_463' title='bbox 1985 2634 2123 2669; x_wconf 84' lang='lat' dir='ltr'>finem</span> <span class='ocrx_word' id='word_1_464' title='bbox 2150 2642 2222 2666; x_wconf 89' lang='lat' dir='ltr'>non</span> 
     </span>
     <span class='ocr_line' id='line_1_70' title="bbox 1179 2692 1992 2740; baseline -0.009 -6"><span class='ocrx_word' id='word_1_465' title='bbox 1179 2701 1384 2735; x_wconf 84' lang='lat' dir='ltr'>constanter</span> <span class='ocrx_word' id='word_1_466' title='bbox 1403 2698 1619 2740; x_wconf 71' lang='lat' dir='ltr'>exercerent,</span> <span class='ocrx_word' id='word_1_467' title='bbox 1648 2712 1694 2719; x_wconf 86' lang='lat'>·-</span> <span class='ocrx_word' id='word_1_468' title='bbox 1719 2693 1773 2728; x_wconf 88' lang='lat' dir='ltr'>uti</span> <span class='ocrx_word' id='word_1_469' title='bbox 1791 2692 1992 2728; x_wconf 71' lang='lat' dir='ltr'>nescim‘sse.</span> 
     </span>
    </p>

    <p class='ocr_par' dir='ltr' id='par_1_21' title="bbox 1176 2747 2221 3035">
     <span class='ocr_line' id='line_1_71' title="bbox 1236 2747 2221 2799; baseline -0.01 -8"><span class='ocrx_word' id='word_1_470' title='bbox 1236 2758 1291 2791; x_wconf 90' lang='lat' dir='ltr'>Ita</span> <span class='ocrx_word' id='word_1_471' title='bbox 1317 2755 1496 2790; x_wconf 89' lang='lat' dir='ltr'>animatus</span> <span class='ocrx_word' id='word_1_472' title='bbox 1521 2753 1593 2799; x_wconf 89' lang='lat' dir='ltr'>ille,</span> <span class='ocrx_word' id='word_1_473' title='bbox 1621 2763 1701 2787; x_wconf 87' lang='lat' dir='ltr'>cum</span> <span class='ocrx_word' id='word_1_474' title='bbox 1724 2752 1762 2787; x_wconf 92' lang='lat' dir='ltr'>in</span> <span class='ocrx_word' id='word_1_475' title='bbox 1781 2755 1923 2787; x_wconf 87' lang='lat' dir='ltr'>coetum</span> <span class='ocrx_word' id='word_1_476' title='bbox 1950 2749 2151 2796; x_wconf 88' lang='lat' dir='ltr'>aequalium</span> <span class='ocrx_word' id='word_1_477' title='bbox 2177 2747 2221 2781; x_wconf 88' lang='lat' dir='ltr'>de</span> 
     </span>
     <span class='ocr_line' id='line_1_72' title="bbox 1178 2806 2218 2859; baseline -0.01 -10"><span class='ocrx_word' id='word_1_478' title='bbox 1178 2826 1278 2850; x_wconf 88' lang='lat' dir='ltr'>more</span> <span class='ocrx_word' id='word_1_479' title='bbox 1312 2813 1479 2859; x_wconf 76' lang='lat' dir='ltr'>venisset,</span> <span class='ocrx_word' id='word_1_480' title='bbox 1516 2823 1581 2858; x_wconf 90' lang='lat' dir='ltr'>pro</span> <span class='ocrx_word' id='word_1_481' title='bbox 1617 2814 1778 2846; x_wconf 84' lang='lat' dir='ltr'>monstro</span> <span class='ocrx_word' id='word_1_482' title='bbox 1814 2813 1900 2845; x_wconf 88' lang='lat' dir='ltr'>erat.</span> <span class='ocrx_word' id='word_1_483' title='bbox 1946 2809 2040 2844; x_wconf 83' lang='lat' dir='ltr'>Nam</span> <span class='ocrx_word' id='word_1_484' title='bbox 2067 2806 2218 2853; x_wconf 82' lang='lat' dir='ltr'>philoso-</span> 
     </span>
     <span class='ocr_line' id='line_1_73' title="bbox 1177 2865 2219 2920; baseline -0.011 -13"><span class='ocrx_word' id='word_1_485' title='bbox 1177 2873 1300 2920; x_wconf 89' lang='lat' dir='ltr'>phiam</span> <span class='ocrx_word' id='word_1_486' title='bbox 1343 2883 1385 2906; x_wconf 87' lang='lat' dir='ltr'>ac</span> <span class='ocrx_word' id='word_1_487' title='bbox 1426 2869 1644 2916; x_wconf 75' lang='lat' dir='ltr'>theologiam</span> <span class='ocrx_word' id='word_1_488' title='bbox 1684 2869 1947 2913; x_wconf 84' lang='lat' dir='ltr'>scholasticam,</span> <span class='ocrx_word' id='word_1_489' title='bbox 1987 2865 2099 2912; x_wconf 86' lang='lat' dir='ltr'>qualis</span> <span class='ocrx_word' id='word_1_490' title='bbox 2135 2867 2219 2897; x_wconf 83' lang='lat' dir='ltr'>tunc</span> 
     </span>
     <span class='ocr_line' id='line_1_74' title="bbox 1177 2921 2217 2978; baseline -0.012 -12"><span class='ocrx_word' id='word_1_491' title='bbox 1177 2942 1243 2978; x_wconf 90' lang='lat' dir='ltr'>pro</span> <span class='ocrx_word' id='word_1_492' title='bbox 1277 2929 1472 2976; x_wconf 86' lang='lat' dir='ltr'>sapientiae</span> <span class='ocrx_word' id='word_1_493' title='bbox 1506 2929 1648 2975; x_wconf 80' lang='lat' dir='ltr'>fastigio</span> <span class='ocrx_word' id='word_1_494' title='bbox 1683 2928 1791 2974; x_wconf 76' lang='lat' dir='ltr'>vulgo</span> <span class='ocrx_word' id='word_1_495' title='bbox 1825 2927 2040 2968; x_wconf 84' lang='lat' dir='ltr'>habebatur,</span> <span class='ocrx_word' id='word_1_496' title='bbox 2077 2921 2217 2956; x_wconf 82' lang='lat' dir='ltr'>facilem</span> 
     </span>
     <span class='ocr_line' id='line_1_75' title="bbox 1176 2979 2215 3035; baseline -0.013 -10"><span class='ocrx_word' id='word_1_497' title='bbox 1176 3001 1235 3035; x_wconf 89' lang='lat' dir='ltr'>ac,</span> <span class='ocrx_word' id='word_1_498' title='bbox 1280 2989 1389 3024; x_wconf 77' lang='lat' dir='ltr'>verba</span> <span class='ocrx_word' id='word_1_499' title='bbox 1428 2991 1569 3024; x_wconf 89' lang='lat' dir='ltr'>tantum</span> <span class='ocrx_word' id='word_1_500' title='bbox 1609 2990 1768 3022; x_wconf 88' lang='lat' dir='ltr'>comesta</span> <span class='ocrx_word' id='word_1_501' title='bbox 1810 2984 1962 3030; x_wconf 84' lang='lat' dir='ltr'>tenenti,</span> <span class='ocrx_word' id='word_1_502' title='bbox 2014 2979 2215 3025; x_wconf 76' lang='lat' dir='ltr'>expositam</span> 
     </span>
    </p>
   </div>
   <div class='ocr_carea' id='block_1_21' title="bbox 1141 3036 2213 3094">
    <p class='ocr_par' dir='ltr' id='par_1_22' title="bbox 1141 3036 2213 3094">
     <span class='ocr_line' id='line_1_76' title="bbox 1141 3036 2213 3094; baseline -0.012 -11"><span class='ocrx_word' id='word_1_503' title='bbox 1141 3053 1143 3060; x_wconf 73' lang='lat'><strong>⁴</strong></span> <span class='ocrx_word' id='word_1_504' title='bbox 1175 3047 1341 3094; x_wconf 76' lang='lat' dir='ltr'>exemplo</span> <span class='ocrx_word' id='word_1_505' title='bbox 1382 3058 1448 3082; x_wconf 90' lang='lat' dir='ltr'>suo</span> <span class='ocrx_word' id='word_1_506' title='bbox 1498 3046 1730 3092; x_wconf 88' lang='lat' dir='ltr'>ostendebat,</span> <span class='ocrx_word' id='word_1_507' title='bbox 1778 3043 1837 3089; x_wconf 90' lang='lat' dir='ltr'>qui</span> <span class='ocrx_word' id='word_1_508' title='bbox 1884 3042 1922 3077; x_wconf 91' lang='lat' dir='ltr'>in</span> <span class='ocrx_word' id='word_1_509' title='bbox 1962 3048 2092 3074; x_wconf 86' lang='lat' dir='ltr'>arcana</span> <span class='ocrx_word' id='word_1_510' title='bbox 2135 3036 2213 3080; x_wconf 86' lang='lat' dir='ltr'>ejus</span> 
     </span>
    </p>
   </div>
   <div class='ocr_carea' id='block_1_22' title="bbox 66 3106 2212 3212">
    <p class='ocr_par' dir='ltr' id='par_1_23' title="bbox 66 3106 2212 3212">
     <span class='ocr_line' id='line_1_77' title="bbox 66 3106 1142 3158; baseline -0.007 -11"><span class='ocrx_word' id='word_1_511' title='bbox 66 3112 280 3158; x_wconf 89' lang='lat' dir='ltr'>dicentium,</span> <span class='ocrx_word' id='word_1_512' title='bbox 310 3113 373 3146; x_wconf 88' lang='lat' dir='ltr'>aut</span> <span class='ocrx_word' id='word_1_513' title='bbox 407 3111 681 3147; x_wconf 79' lang='lat' dir='ltr'>fracticentones</span> <span class='ocrx_word' id='word_1_514' title='bbox 708 3107 946 3156; x_wconf 87' lang='lat' dir='ltr'>repetentium</span> <span class='ocrx_word' id='word_1_515' title='bbox 968 3106 1104 3142; x_wconf 88' lang='lat' dir='ltr'>aliena:</span> <span class='ocrx_word' id='word_1_516' title='bbox 1141 3126 1142 3131; x_wconf 64' lang='lat'><em>=</em></span> 
     </span>
     <span class='ocr_line' id='line_1_78' title="bbox 1140 3154 2212 3212; baseline -0.014 -11"><span class='ocrx_word' id='word_1_517' title='bbox 1140 3156 1141 3182; x_wconf 58' lang='lat'>³</span> <span class='ocrx_word' id='word_1_518' title='bbox 1173 3164 1452 3212; x_wconf 85' lang='lat' dir='ltr'>superficiariam</span> <span class='ocrx_word' id='word_1_519' title='bbox 1477 3162 1723 3211; x_wconf 86' lang='lat' dir='ltr'>profectuique</span> <span class='ocrx_word' id='word_1_520' title='bbox 1755 3161 1910 3195; x_wconf 84' lang='lat' dir='ltr'>humano</span> <span class='ocrx_word' id='word_1_521' title='bbox 1938 3154 2100 3190; x_wconf 88' lang='lat' dir='ltr'>inutilem</span> <span class='ocrx_word' id='word_1_522' title='bbox 2128 3163 2212 3188; x_wconf 87' lang='lat' dir='ltr'>con-</span> 
     </span>
    </p>
   </div>
   <div class='ocr_carea' id='block_1_23' title="bbox 64 3165 1106 3217">
    <p class='ocr_par' dir='ltr' id='par_1_24' title="bbox 64 3165 1106 3217">
     <span class='ocr_line' id='line_1_79' title="bbox 64 3165 1106 3217; baseline -0.007 -11"><span class='ocrx_word' id='word_1_523' title='bbox 64 3171 142 3206; x_wconf 88' lang='lat' dir='ltr'>sine</span> <span class='ocrx_word' id='word_1_524' title='bbox 163 3171 288 3217; x_wconf 76' lang='lat' dir='ltr'>gratia,</span> <span class='ocrx_word' id='word_1_525' title='bbox 309 3170 387 3205; x_wconf 88' lang='lat' dir='ltr'>sine</span> <span class='ocrx_word' id='word_1_526' title='bbox 408 3170 529 3206; x_wconf 89' lang='lat' dir='ltr'>nervis</span> <span class='ocrx_word' id='word_1_527' title='bbox 547 3180 589 3204; x_wconf 88' lang='lat' dir='ltr'>ac</span> <span class='ocrx_word' id='word_1_528' title='bbox 608 3167 760 3213; x_wconf 87' lang='lat' dir='ltr'>lacertis,</span> <span class='ocrx_word' id='word_1_529' title='bbox 789 3166 865 3202; x_wconf 88' lang='lat' dir='ltr'>sine</span> <span class='ocrx_word' id='word_1_530' title='bbox 892 3165 967 3201; x_wconf 92' lang='lat' dir='ltr'>ullo</span> <span class='ocrx_word' id='word_1_531' title='bbox 988 3165 1034 3200; x_wconf 90' lang='lat' dir='ltr'>ad</span> <span class='ocrx_word' id='word_1_532' title='bbox 1054 3165 1106 3200; x_wconf 90' lang='lat' dir='ltr'>vi-</span> 
     </span>
    </p>
   </div>
   <div class='ocr_carea' id='block_1_24' title="bbox 65 3223 1140 3275">
    <p class='ocr_par' dir='ltr' id='par_1_25' title="bbox 65 3223 1140 3275">
     <span class='ocr_line' id='line_1_80' title="bbox 65 3223 1140 3275; baseline -0.006 -11"><span class='ocrx_word' id='word_1_533' title='bbox 65 3233 140 3265; x_wconf 81' lang='lat' dir='ltr'>tam</span> <span class='ocrx_word' id='word_1_534' title='bbox 160 3239 246 3275; x_wconf 75' lang='lat' dir='ltr'>usu3</span> <span class='ocrx_word' id='word_1_535' title='bbox 266 3232 410 3275; x_wconf 89' lang='lat' dir='ltr'>putares</span> <span class='ocrx_word' id='word_1_536' title='bbox 424 3228 528 3264; x_wconf 84' lang='lat' dir='ltr'>alteri</span> <span class='ocrx_word' id='word_1_537' title='bbox 547 3227 690 3263; x_wconf 87' lang='lat' dir='ltr'>cuidam</span> <span class='ocrx_word' id='word_1_538' title='bbox 710 3225 845 3263; x_wconf 89' lang='lat' dir='ltr'>mundo</span> <span class='ocrx_word' id='word_1_539' title='bbox 865 3223 982 3270; x_wconf 84' lang='lat' dir='ltr'>scribi,</span> <span class='ocrx_word' id='word_1_540' title='bbox 999 3234 1105 3270; x_wconf 89' lang='lat' dir='ltr'>quem</span> <span class='ocrx_word' id='word_1_541' title='bbox 1138 3233 1140 3268; x_wconf 80' lang='grc' dir='ltr'><strong><em>ζ</em></strong></span> 
     </span>
    </p>
   </div>
   <div class='ocr_carea' id='block_1_25' title="bbox 65 3284 1106 3334">
    <p class='ocr_par' dir='ltr' id='par_1_26' title="bbox 65 3284 1106 3334">
     <span class='ocr_line' id='line_1_81' title="bbox 65 3284 1106 3334; baseline -0.006 -11"><span class='ocrx_word' id='word_1_542' title='bbox 65 3287 118 3323; x_wconf 83' lang='grc'>1111</span> <span class='ocrx_word' id='word_1_543' title='bbox 133 3287 213 3332; x_wconf 87' lang='lat' dir='ltr'>jam</span> <span class='ocrx_word' id='word_1_544' title='bbox 233 3291 310 3323; x_wconf 84' lang='lat' dir='ltr'>tuni</span> <span class='ocrx_word' id='word_1_545' title='bbox 330 3286 440 3323; x_wconf 87' lang='lat' dir='ltr'>modo</span> <span class='ocrx_word' id='word_1_546' title='bbox 464 3286 732 3334; x_wconf 86' lang='lat' dir='ltr'>rempublicam,</span> <span class='ocrx_word' id='word_1_547' title='bbox 764 3284 872 3320; x_wconf 88' lang='lat' dir='ltr'>modo</span> <span class='ocrx_word' id='word_1_548' title='bbox 891 3284 1106 3319; x_wconf 86' lang='lat' dir='ltr'>Parnassum</span> 
     </span>
    </p>
   </div>
   <div class='ocr_carea' id='block_1_26' title="bbox 1174 3098 2212 3153">
    <p class='ocr_par' dir='ltr' id='par_1_27' title="bbox 1174 3098 2212 3153">
     <span class='ocr_line' id='line_1_82' title="bbox 1174 3098 2212 3153; baseline -0.013 -11"><span class='ocrx_word' id='word_1_549' title='bbox 1174 3117 1248 3142; x_wconf 90' lang='lat' dir='ltr'>non</span> <span class='ocrx_word' id='word_1_550' title='bbox 1294 3105 1366 3142; x_wconf 89' lang='lat' dir='ltr'>alio</span> <span class='ocrx_word' id='word_1_551' title='bbox 1415 3105 1612 3153; x_wconf 84' lang='lat' dir='ltr'>praesidio,</span> <span class='ocrx_word' id='word_1_552' title='bbox 1659 3103 1896 3151; x_wconf 70' lang='lat' dir='ltr'>penetrasset,</span> <span class='ocrx_word' id='word_1_553' title='bbox 1945 3099 2123 3131; x_wconf 86' lang='lat' dir='ltr'>caeterum</span> <span class='ocrx_word' id='word_1_554' title='bbox 2171 3098 2212 3131; x_wconf 88' lang='lat' dir='ltr'>ut</span> 
     </span>
    </p>
   </div>
   <div class='ocr_carea' id='block_1_27' title="bbox 1172 3224 1366 3260">
    <p class='ocr_par' dir='ltr' id='par_1_28' title="bbox 1172 3224 1366 3260">
     <span class='ocr_line' id='line_1_83' title="bbox 1172 3224 1366 3260; baseline -0.005 -1"><span class='ocrx_word' id='word_1_555' title='bbox 1172 3224 1366 3260; x_wconf 88' lang='lat' dir='ltr'>temnebat.</span> 
     </span>
    </p>
   </div>
   <div class='ocr_carea' id='block_1_28' title="bbox 1231 3268 2209 3367">
    <p class='ocr_par' dir='ltr' id='par_1_29' title="bbox 1231 3268 2209 3367">
     <span class='ocr_line' id='line_1_84' title="bbox 1231 3268 2209 3318; baseline -0.016 1"><span class='ocrx_word' id='word_1_556' title='bbox 1231 3283 1370 3318; x_wconf 83' lang='lat' dir='ltr'>Interea</span> <span class='ocrx_word' id='word_1_557' title='bbox 1398 3280 1547 3317; x_wconf 86' lang='lat' dir='ltr'>feliciter</span> <span class='ocrx_word' id='word_1_558' title='bbox 1581 3277 1708 3314; x_wconf 80' lang='lat' dir='ltr'>accidit</span> <span class='ocrx_word' id='word_1_559' title='bbox 1742 3278 1779 3309; x_wconf 86' lang='lat' dir='ltr'>nt</span> <span class='ocrx_word' id='word_1_560' title='bbox 1811 3271 1960 3308; x_wconf 88' lang='lat' dir='ltr'>consilia</span> <span class='ocrx_word' id='word_1_561' title='bbox 1994 3271 2114 3317; x_wconf 83' lang='lat' dir='ltr'>magni</span> <span class='ocrx_word' id='word_1_562' title='bbox 2144 3268 2209 3304; x_wconf 87' lang='lat' dir='ltr'>viri</span> 
     </span>
     <span class='ocr_line' id='line_1_85' title="bbox 1730 3327 1811 3367; baseline -0.049 0"><span class='ocrx_word' id='word_1_563' title='bbox 1730 3327 1811 3367; x_wconf 64' lang='lat'>12*</span> 
     </span>
    </p>
   </div>
  </div>
 </body>
</html>
