2361 3643
1098 192 1323 256 XCVI.

706 330 823 398 AD
875 329 1713 400 REVERENDISSIMUM

129 490 564 570 PATREM
623 491 824 568 DES
890 490 1269 571 BOSSES
1346 492 1922 572 EPISTOLAE
1984 495 2295 574 DUAE.

748 969 879 1004 (henin.
906 971 986 1005 Opp-
1012 970 1061 999 ed.
1087 972 1215 1001 Dutens
1241 971 1331 1000 Tum.
1352 971 1394 999 11.
1420 971 1457 1000 Ρ.
1477 971 1503 999 1.
1530 968 1675 1007 2815.)

362 1211 728 1248 EPISTOLA
786 1211 933 1249 XXIX.

124 1314 536 1351 Reverendissime
580 1319 736 1363 pater,
782 1317 940 1353 fautor
984 1317 1207 1355 honora-¹

549 1385 746 1421 tissime.

1207 1223 1209 1254 ,¹
1239 1213 1411 1250 missione
1461 1213 1751 1261 propositionum
1809 1212 1831 1249 a
1871 1213 2083 1260 Praeposito
2123 1213 2294 1249 Generali

1238 1272 1522 1308 Tamburino
1549 1271 1637 1318 (qui
1661 1283 1755 1308 nune
1776 1282 1918 1318 quoque
1938 1275 1977 1308 ut
1998 1272 2155 1309 arbitror
2175 1272 2291 1307 Socie-

1206 1360 1207 1382 3
1237 1334 1350 1366 tatem
1372 1334 1530 1366 vestram
1551 1330 1668 1376 regit)
1691 1330 2029 1378 condemnatarum,
2052 1334 2088 1366 et
2109 1333 2196 1377 puto
2216 1330 2291 1376 ple-

1236 1400 1364 1435 rasque
1399 1389 1450 1425 sic
1471 1389 1575 1425 facile
1595 1389 1675 1436 capi
1696 1400 1819 1437 posse,
1857 1392 1897 1424 ut
1924 1392 2050 1425 notam
2077 1391 2291 1424 mereantur.

1205 1470 1206 1486 2
1236 1447 1375 1482 Vellem
1403 1448 1448 1483 n.
1469 1448 1509 1483 P.
1533 1448 1732 1483 Fonseca
1753 1448 1913 1483 Viennae
1934 1448 2078 1494 fuisset,
2108 1458 2189 1483 cum
2221 1456 2288 1491 ego

179 1500 403 1548 Magnopere
430 1500 569 1546 gaudeo
599 1504 633 1537 te
654 1503 792 1548 valere,
828 1505 864 1537 et
886 1513 981 1543 rem,
1008 1505 1049 1538 ut
1068 1503 1177 1550 soles,
1205 1506 1206 1521 ³

123 1561 268 1607 pulchre
289 1570 420 1604 gerere.
461 1560 538 1605 Ego
559 1560 696 1596 litteras
718 1564 798 1596 tuas
818 1561 995 1608 accipiens
1015 1572 1176 1597 commo-

122 1619 208 1654 dum
226 1618 365 1654 absolvi
387 1618 674 1654 dissertationem
696 1619 740 1654 de
754 1619 951 1665 Theologia
972 1620 1176 1655 Sinensium
1204 1613 1206 1617 ’

122 1677 297 1723 naturali,
326 1677 466 1712 Gallico
495 1687 659 1712 sermone
685 1677 929 1722 conscriptam
956 1677 993 1711 in
1020 1677 1175 1721 gratiam
1204 1686 1205 1706 1

122 1735 229 1770 amici
250 1735 346 1770 Galli
368 1735 437 1770 viri
467 1735 635 1781 insignis,
666 1746 731 1769 nec
760 1735 924 1780 partibus
953 1735 1108 1779 addicti,
1138 1735 1174 1769 in

122 1803 194 1839 qna
215 1793 259 1827 de.
279 1793 357 1828 Deo
368 1820 377 1838 ,
413 1793 625 1839 Spiritibus,
663 1796 699 1828 et
727 1792 850 1827 anima
878 1793 1034 1827 humana
1055 1803 1101 1826 ex
1122 1794 1175 1828 Si-

124 1851 290 1885 nensium
312 1850 475 1885 doctrina
505 1861 591 1894 ago:
623 1854 775 1896 utroque
803 1850 875 1885 illis
905 1850 991 1896 ipsis
1018 1851 1174 1886 auctori-

123 1908 279 1955 tatibus,
307 1919 396 1954 quas
424 1908 645 1943 Nicolaus
668 1908 1019 1954 Longobardus,
1047 1919 1095 1943 ex
1116 1918 1202 1944 ve-³

124 1969 199 2002 stro
220 1967 365 2011 ordine,
396 1969 431 2001 et
452 1967 680 2002 Antonius
702 1966 753 2001 de
782 1967 814 2000 S.
838 1966 987 2001 Maria
1011 1967 1172 2002 Francis-

123 2034 243 2070 canus,
264 2024 427 2069 attulere,
447 2027 487 2058 ut
502 2025 664 2058 Sinenses
681 2025 788 2059 etiam
811 2024 978 2070 antiquos
993 2024 1171 2060 Atheismi

121 2082 393 2117 convincerent:
423 2081 459 2116 in
490 2092 561 2127 quo
590 2086 729 2116 tantum
757 2081 859 2117 abest
895 2085 934 2116 ut
971 2093 1201 2118 successum.

123 2140 324 2185 habuerint,
339 2143 377 2174 ut
395 2139 515 2185 potius
536 2141 715 2175 contraria
732 2140 855 2175 omnia
877 2140 966 2174 mihi
982 2141 1172 2176 verisimil-
1200 2128 1202 2148 ἱ

122 2198 209 2233 lima
231 2198 430 2233 videantur.
482 2198 577 2238 Quin
599 2199 764 2234 Sinenses
786 2203 922 2233 veteres
943 2199 1038 2234 ultra
1061 2201 1171 2236 Grae·
1200 2227 1201 2235 1

122 2256 199 2291 ciae
221 2256 469 2303 philosophos,
492 2257 638 2291 veritati
659 2257 858 2302 accessisse,
880 2260 915 2292 et
937 2256 1101 2293 docuisse
1122 2258 1172 2293 vi·
1200 2250 1201 2301 i

126 2314 263 2358 dentur,
286 2315 472 2350 materiam
495 2316 611 2361 ipsam
633 2326 710 2350 esse
734 2315 1004 2362 productionem
1027 2316 1105 2350 Dei.
1200 2312 1208 2361 ‘1

183 2372 274 2407 Illud
294 2374 405 2408 ctiam
429 2378 636 2420 pergratum
664 2377 718 2409 est
747 2374 842 2420 quod
872 2373 1018 2419 scribis,
1051 2374 1175 2409 Domi·
1207 2384 1208 2393 ³

126 2439 212 2465 num
255 2430 305 2465 de
338 2432 642 2467 Coehenheim
678 2432 880 2467 versionem
919 2432 1174 2468 Germanicam
1207 2431 1208 2435 ’

126 2486 244 2534 operis
261 2490 465 2536 suscepisse,
477 2491 572 2536 quod
584 2491 761 2526 Dominus
779 2490 903 2525 Abbas
920 2490 964 2525 de
981 2491 1014 2526 S.
1032 2491 1089 2526 Pe
1102 2494 1174 2526 tro

126 2546 251 2581 Gallus
272 2546 429 2594 illustris,
449 2549 492 2584 de
509 2560 596 2595 pace
617 2551 789 2596 perpetua
812 2549 1029 2584 stabilienda
1051 2549 1174 2595 edidit,

127 2606 163 2638 ct
182 2603 227 2638 de
244 2614 315 2649 quo
336 2607 547 2641 sententiam
569 2608 677 2643 etiam
700 2618 817 2642 meam
838 2607 999 2654 expetiit.
1043 2608 1177 2654 Scripsi
1208 2614 1209 2658 ᾖ

128 2662 180 2698 illi
203 2661 305 2696 binas
335 2662 467 2698 litteras
495 2667 581 2700 satis
617 2666 779 2712 amplas,
817 2666 970 2712 misique
1000 2666 1172 2701 Disserta-

129 2721 264 2755 tionem
285 2731 394 2766 quam
416 2722 501 2756 olim
525 2723 567 2757 de
589 2723 714 2759 eodem
736 2728 948 2769 argumento
980 2724 1093 2759 edidit
1114 2726 1177 2760 Se·
1208 2731 1210 2749 ἲ

128 2778 337 2815 renissimus
372 2779 402 2812 1⁴2
413 2784 589 2816 rnestus
618 2782 765 2817 Hassiae
793 2782 1039 2828 Landgravius
1071 2784 1179 2830 caput

129 2837 243 2872 lineae
272 2837 561 2872 Rheinfelsensis.
622 2841 745 2885 ltaque
780 2841 887 2876 eredo
923 2842 993 2876 Dn.
1022 2841 1073 2876 de
1103 2842 1178 2876 Co-

128 2895 366 2931 chenheim
397 2896 570 2930 memoria
607 2899 735 2932 veteris
763 2899 911 2934 Domini
942 2898 1052 2944 (huic
1080 2900 1179 2934 enim
1210 2903 1211 2912 ¹

129 2953 285 3000 l’rincipi
308 2953 411 2988 initia
433 2954 597 2989 fortunae
627 2954 762 3003 dehet)
788 2958 946 2992 laborem
969 2957 1005 2992 iu
1026 2968 1062 2992 se
1082 2968 1179 2992 rece-

130 3012 235 3057 pisse.
298 3012 494 3047 Occasione
514 3011 599 3046 data
619 3022 700 3046 enm
722 3015 982 3050 officiosissime
1003 3027 1025 3051 a
1046 3026 1104 3050 me
1125 3026 1180 3050 sa-

130 3070 237 3105 lutari
262 3072 357 3116 peto.

188 3126 544 3163 Harduinianae
591 3126 835 3162 Conciliorum
885 3129 1055 3166 editionis
1105 3141 1180 3167 non

132 3184 205 3219 vidi
241 3186 309 3220 nisi
344 3188 591 3231 conspectum,
626 3195 697 3230 quo
732 3186 867 3220 omissa
895 3187 952 3222 La
962 3189 1180 3237 baeanae,

1205 1551 1206 1555 Ἰ
1236 1506 1309 1541 illie
1329 1507 1494 1552 agebam.

1205 1564 1435 1606 ¹sentientes
1484 1567 1623 1598 vestros
1663 1564 1829 1599 Sinenses
1876 1563 2019 1598 defendi
2068 1563 2105 1598 in
2153 1572 2288 1597 sermo-

1551 1506 1665 1552 Saepe
1686 1505 1781 1551 apud
1812 1517 1997 1552 proceres,
2040 1515 2175 1550 eosque
2215 1503 2289 1539 dis-

1236 1622 1340 1656 nibus
1361 1621 1620 1657 convivalibus.
1682 1620 1759 1665 Ego
1788 1621 2014 1656 Lusitanicae
2035 1621 2150 1656 Aulae
2178 1631 2290 1667 opera

1236 1679 1396 1714 maxime
1433 1680 1568 1713 factum
1613 1681 1729 1724 pute,
1773 1682 1814 1714 ut
1858 1679 1967 1714 Curia
2003 1679 2168 1714 Romana
2210 1689 2287 1714 mo-

1235 1737 1395 1771 deratius
1424 1737 1460 1771 in
1490 1748 1533 1772 eo
1562 1738 1710 1781 negotio
1752 1740 1847 1780 agat.
1909 1737 2025 1771 Miror
2046 1741 2184 1772 vestros
2207 1736 2289 1779 jam

1234 1806 1357 1830 rursus
1396 1794 1433 1829 in
1468 1795 1663 1841 Japoniam
1707 1795 1862 1829 admitti.
1923 1795 2075 1840 Oportet
2118 1804 2289 1840 magnam

1233 1854 1307 1888 illie
1342 1855 1474 1888 factam
1507 1852 1716 1887 animorum
1752 1852 2049 1900 conversionem,
2090 1856 2173 1898 post
2208 1856 2287 1888 tan-

1233 1914 1327 1957 tam,
1356 1914 1440 1945 ant„-
1468 1921 1583 1945 annos
1618 1921 1690 1944 non
1727 1910 1817 1946 adeo
1846 1910 2006 1956 multos,
2042 1910 2287 1946 acerbitatem.

1232 1969 1357 2014 Itaque
1397 1968 1588 2004 historiam
1633 1970 1773 2004 vestrae
1823 1968 2141 2004 readmississionis
2181 1979 2289 2005 nosse

1200 2054 1201 2058 ,
1234 2027 1354 2062 velim.

1290 2084 1559 2121 Lamindum
1591 2084 1856 2120 Pritanium
1879 2095 1953 2120 non
1968 2084 2081 2120 alium
2103 2094 2180 2120 esse
2200 2088 2289 2131 puto

1232 2153 1342 2189 quam
1387 2143 1437 2178 ill.
1473 2142 1592 2178 virum
1628 2142 1945 2178 Bernhardum
1979 2143 2289 2178 Trevisanum

1233 2202 1393 2238 nobilem
1425 2201 1620 2247 Venetum,
1657 2211 1765 2247 quem
1809 2201 1854 2236 de
1890 2202 1988 2237 bono
2026 2212 2156 2247 sapore
2191 2197 2290 2249 (del

1232 2261 1353 2296 buon
1374 2259 1535 2304 gusto)
1557 2260 1718 2294 libellum
1741 2259 1912 2306 edidisse,
1934 2263 1970 2295 et
1991 2259 2120 2294 eodem
2142 2260 2291 2295 nomine

1234 2320 1331 2354 fictio
1358 2319 1397 2353 in
1418 2318 1501 2363 hoc,
1534 2320 1570 2352 et
1590 2317 1672 2352 aliis
1694 2328 1796 2352 usum
1818 2317 1916 2352 novi.
1978 2317 2289 2353 Hartsoekeri

1234 2377 1526 2424 responsionem,
1555 2385 1663 2420 quam
1692 2380 1726 2410 te
1748 2375 1892 2409 mittere
1912 2375 1977 2420 ais,
1998 2375 2131 2410 addere
2151 2375 2287 2410 oblitus

1235 2447 1282 2471 es.
1344 2433 1526 2475 Quoniam
1555 2433 1757 2468 versionem
1790 2432 1903 2467 libelli
1935 2433 2064 2468 Gallici
2093 2443 2159 2478 pro
2181 2433 2290 2468 Con-

1235 2492 1492 2529 stitutione
1513 2490 1792 2536 Unigenitus
1812 2490 1990 2526 adornare
2008 2490 2165 2538 voluisti,
2182 2491 2290 2527 credo

1236 2551 1400 2587 libellum
1432 2549 1498 2584 tibi
1521 2550 1687 2585 versione
1708 2549 1856 2596 dignum
1878 2549 2006 2583 visum.
2068 2548 2146 2594 Ego
2166 2552 2291 2595 putem

1236 2609 1434 2645 rectissime
1456 2609 1613 2643 facturos
1635 2608 1840 2653 Romanos,
1870 2607 1899 2641 si
1928 2607 2013 2642 dent
2034 2607 2293 2652 explicationes

1238 2668 1377 2703 tamdiu
1407 2666 1647 2713 desideratas,
1678 2666 1729 2701 ita
1759 2666 1857 2701 enim
1885 2664 2116 2700 haerentibus
2152 2665 2292 2701 satissa-

1237 2724 1342 2761 cient.
1403 2725 1597 2771 Nunquam
1626 2724 1715 2759 mihi
1742 2734 1914 2759 censurae
1934 2723 2018 2758 illae
2038 2733 2151 2767 vagae
2171 2724 2292 2769 placu-

1237 2796 1317 2831 ere,
1356 2783 1487 2828 quibus
1523 2783 1762 2830 percelluntur
1782 2781 1968 2828 homines,
2005 2792 2078 2816 non
2107 2780 2289 2816 docentur.

1240 2844 1285 2878 Et
1314 2853 1440 2876 vereor
1468 2853 1512 2876 ne
1539 2841 1780 2876 Censurarum
1810 2839 2042 2875 multitudine
2070 2839 2288 2884 laboremus,

1238 2911 1330 2946 quae
1358 2902 1567 2946 praetextus
1597 2910 1703 2946 saepe
1732 2899 1908 2946 praebent
1929 2897 2084 2933 vexandi
2106 2897 2203 2932 viros
2225 2896 2289 2932 bo-

1240 2970 1308 2994 nos
1330 2961 1365 2993 et
1385 2958 1520 2993 doctos.

1243 3017 1395 3063 Elegans
1416 3019 1469 3050 est
1490 3016 1590 3051 locus
1616 3014 1820 3050 St'ortiae
1849 3010 2133 3049 pallavicini
2170 3011 2292 3059 vestri,

1241 3074 1403 3111 nondum
1423 3074 1530 3109 credo
1548 3073 1759 3118 Cardinalis,
1782 3082 1864 3108 cum
1885 3071 2068 3115 scriberet,
2091 3078 2198 3114 quem
2219 3079 2293 3105 me-

1241 3143 1324 3167 cum
1353 3131 1649 3177 communicasti,
1685 3134 1722 3166 et
1750 3130 1899 3166 omnino
1920 3128 1967 3163 ad
1987 3136 2130 3162 sensum
2153 3137 2296 3172 meum,

1242 3190 1272 3226 si
1295 3201 1379 3225 vera
1400 3192 1494 3225 esset
1515 3188 1724 3234 Astrologia
1741 3185 1955 3232 judiciaria,
1986 3184 2015 3219 si
2037 3184 2296 3228 Chiromantia,

132 3245 167 3277 et
187 3244 406 3278 accessiones
427 3254 543 3279 novae
561 3242 729 3278 editionis
751 3248 987 3281 recensentur.
1041 3247 1183 3282 Duode-

132 3301 202 3337 cim
231 3301 476 3338 voluminibus
504 3303 655 3338 constat.
717 3300 861 3336 Gratias
890 3312 958 3347 ago
980 3314 1046 3351 pro
1069 3308 1182 3343 trans.

1243 3248 1273 3283 si
1295 3258 1383 3294 quas
1399 3247 1538 3291 =iactant
1558 3246 1717 3292 quidam,
1739 3245 1942 3290 signaturae
1958 3253 2096 3288 rerum,
2120 3254 2175 3278 res
2191 3243 2299 3278 ascri-

1243 3306 1363 3343 benda
1382 3308 1477 3343 esset
1497 3303 1706 3342 harmoniae
1726 3301 1898 3338 divinitus
1919 3300 2200 3348 praestabilitae.
2258 3300 2300 3337 In
