2361 3643
1050 235 1356 295 Lxxvn‚

568 374 1305 455 DEFINITIONES
1389 374 1869 457 ETHICAE.

305 611 375 654 (Ex
401 614 618 651 autographis
644 614 796 645 Leibnitii
824 615 964 646 nonduin
991 615 1099 654 editis,
1126 623 1212 651 quae
1237 615 1270 644 in
1296 615 1502 644 Bibliotheca
1527 615 1633 650 Regia
1659 616 1857 646 Hanoverae
1883 617 2131 653 asservantur).

122 854 325 892 Justitia
345 855 398 890 est
418 852 630 888 charitas
651 851 892 898 sapientis

122 915 287 951 Charitas
307 916 363 948 est
383 910 638 947 benevolentia
659 910 849 954 generalis.

122 971 380 1010 Benevolentia
402 973 456 1005 est
477 969 623 1005 habitus
646 969 794 1003 amoris.

122 1033 259 1068 Amare
280 1031 450 1075 aliquem,
472 1030 525 1063 est
547 1027 623 1071 ejus
646 1027 818 1062 felicitate
840 1026 1020 1064 delectari.

121 1089 305 1137 Sapientia
326 1092 380 1123 est
401 1086 551 1122 scientia
573 1085 763 1120 felicitatis.

122 1148 289 1183 Felicitas
309 1150 363 1182 est
384 1145 521 1181 laetitia
543 1144 728 1179 durabilis.

121 1206 277 1241 Laetitia
297 1208 350 1240 est
371 1207 483 1239 status
504 1204 745 1248 voluptatum.

121 1264 298 1310 Voluptas
328 1274 388 1297 scu
420 1261 613 1297 delectatio
641 1264 696 1296 est
716 1269 840 1295 sensus
861 1259 1114 1307 perfectionis,
1146 1260 1181 1295 id
1209 1301 1211 1314 1

178 1325 235 1357 est
271 1332 395 1356 sensus
415 1319 604 1364 eujusdam
626 1319 680 1354 rei
717 1329 809 1365 quae
846 1318 966 1365 iuvat,
998 1330 1059 1354 seu
1090 1329 1182 1366 quae
1209 1339 1211 1342 ·

177 1380 379 1427 potentiani
401 1379 561 1424 aliquam
581 1377 742 1422 adjuvat.

118 1439 318 1486 Pei-ficitur,
342 1437 445 1481 cujus
467 1436 628 1483 potentia
649 1439 800 1479 augetur
822 1446 882 1470 seu
899 1435 1062 1480 juvatur.

359 1495 581 1542 Hypotliesis
603 1495 692 1530 alibi
715 1495 947 1530 demonstra:

118 1553 280 1591 Mundus
309 1565 330 1589 a
350 1554 618 1600 sapientissimo
647 1556 682 1588 ct
704 1553 956 1598 potentissimo
979 1553 1181 1589 Monarcha

117 1614 359 1661 gubernatur,
380 1623 489 1658 quem
510 1622 681 1646 vocamus
702 1612 830 1646 Deum.

509 1669 792 1715 I‘ropositiones.

117 1729 187 1765 Dei
204 1729 283 1764 finis
300 1728 375 1763 sive
391 1738 520 1773 scopus
537 1731 589 1762 est
601 1727 737 1762 laetitia
748 1725 908 1772 propria,
927 1735 987 1759 seu
998 1735 1101 1760 amor
1111 1724 1178 1759 sui.

118 1788 217 1823 Deus
241 1789 435 1832 creaturas,
460 1789 495 1820 et
517 1785 676 1819 maxime
692 1787 810 1818 mente
828 1782 1022 1831 praeditas,
1044 1783 1180 1818 creavit

178 1848 328 1891 propter
349 1844 503 1890 gloriam
525 1854 639 1888 suam,
664 1853 726 1877 seu
748 1853 875 1877 amore
896 1842 963 1876 sui.

116 1903 216 1939 Deus
250 1902 372 1937 omnia
406 1900 541 1937 creavit
579 1901 776 1936 secuudum
805 1900 1006 1935 maximam
1035 1900 1178 1935 harmo-

175 1961 272 1996 niam
293 1960 368 1995 sive
390 1960 694 2006 pulchritudinem
716 1959 941 2005 possibilem.

114 2020 214 2055 Deus
235 2022 336 2053 amat
356 2029 492 2053 omncs.

113 2077 212 2112 Deus
234 2076 403 2112 omnibus
423 2075 568 2123 prodest
590 2076 766 2121 quantum
787 2073 958 2120 possibile
979 2076 1044 2108 est.

113 2135 239 2182 Neque
266 2135 389 2170 odium
411 2145 526 2181 neque
547 2134 600 2168 ira
621 2143 736 2179 nequo
757 2133 876 2168 tristia
898 2142 1015 2179 neque
1036 2131 1175 2167 invidia

1204 2214 1205 2219 ,
1235 2189 1405 2234 Quisquis
1427 2189 1636 2223 felicitatem
1664 2198 1766 2223 suain
1795 2188 1948 2224 collocat
1976 2189 2014 2224 in
2036 2190 2211 2225 relatione
2231 2190 2294 2226 Di-

172 2194 211 2228 in
228 2194 345 2228 Deum
361 2193 468 2228 cadit.

113 2252 211 2288 Deus
230 2255 330 2287 amat
349 2251 478 2297 amari,
501 2261 563 2285 seu
587 2251 750 2285 amantes
771 2248 838 2283 sui.

115 2310 212 2345 Deus
247 2313 346 2345 amat
388 2312 528 2345 mentes
564 2320 630 2354 pro
666 2307 903 2354 proportione
938 2306 1173 2353 perfectionis

175 2378 282 2413 quam
303 2370 430 2415 cuique
450 2377 574 2403 carum
596 2366 706 2402 dedit.

116 2425 291 2462 Perfectio
312 2427 482 2474 universi,
503 2436 565 2461 seu
587 2424 777 2459 harmonia
798 2432 919 2457 rerum
941 2432 1016 2456 non
1038 2421 1174 2468 patitur

176 2494 298 2519 omncs
321 2489 458 2521 mentes
479 2495 558 2520 esse
579 2494 691 2529 aeque
712 2483 899 2528 perfectas.

117 2541 289 2582 Quaestio
309 2555 370 2578 cur
393 2545 487 2579 Deus
509 2542 590 2578 huic
611 2541 723 2576 menti
745 2541 825 2586 plus
847 2550 954 2585 quam
971 2537 1075 2573 alteri
1094 2549 1174 2584 per-

177 2600 341 2635 fectionis
364 2602 510 2647 dederit,
533 2604 586 2635 est
607 2612 653 2635 ex
674 2609 826 2635 numero
848 2597 1100 2643 quaestionum
1119 2597 1171 2630 in-

176 2657 320 2704 anium,
343 2662 381 2693 ut
401 2660 430 2694 si
451 2670 601 2706 quaeras
622 2662 744 2693 utrum
769 2668 830 2703 pes
852 2657 900 2690 sit
916 2655 1016 2699 justo
1039 2654 1168 2701 major,

176 2726 225 2750 an
245 2716 381 2750 calceus
399 2718 523 2762 pedem
546 2727 674 2762 urgens
690 2715 790 2760 justo
814 2715 943 2750 minor.

176 2774 297 2819 Atque
326 2773 392 2807 hoc
420 2779 471 2809 cst
503 2786 694 2821 arcanum,
731 2773 832 2817 cujus
854 2772 1034 2818 ignoratio
1056 2774 1171 2806 totam

177 2831 381 2867 doctrinam
400 2831 442 2866 de
463 2834 791 2877 praedestinatione
809 2830 844 2867 ct
859 2831 1004 2875 justitia
1023 2831 1091 2865 Dei
1108 2830 1172 2865 ob-

181 2889 385 2925 scurci'avit.

118 2948 187 2990 Qui
211 2950 290 2984 Deo
311 2959 383 2984 non
404 2946 549 2991 obedit,
573 2959 641 2983 non
663 2952 716 2984 cst
736 2949 873 2984 amicus
894 2947 961 2982 Dei

119 3007 190 3049 Qui
210 3007 290 3043 Deo
311 3005 435 3043 obedit
456 3008 565 3051 metu,
590 3008 747 3043 nondum
769 3010 824 3043 est
845 3006 981 3042 amicus
1003 3004 1082 3040 Dei.

1213 843 1217 855 ¹
1246 849 1316 893 Qui
1338 850 1457 886 Deum
1491 854 1592 888 amat
1627 863 1735 899 super
1764 854 1908 901 onmia,
1944 854 1973 889 is
2002 855 2149 893 demum
2170 857 2306 895 amicus

1303 910 1372 944 Dei
1394 913 1460 944 est.

1213 1009 1214 1012 Ἰ
1243 967 1314 1009 Qui
1350 978 1424 1002 non
1467 968 1610 1013 quaerit
1632 978 1826 1005 commune
1860 971 2021 1020 bonum,
2059 973 2090 1008 is
2123 973 2202 1009 Deo
2233 984 2305 1010 uon

1308 1026 1446 1061 obedit.

1211 1113 1212 1118 ,
1243 1084 1314 1126 Qui
1336 1095 1408 1119 non
1431 1084 1571 1129 quaerit
1592 1084 1661 1119 Dei
1682 1085 1855 1133 gloriam,
1880 1086 1958 1122 Deo
1980 1098 2051 1124 non
2074 1088 2199 1124 obedit

1241 1143 1311 1184 Qui
1342 1143 1407 1177 Dei
1435 1142 1589 1186 gloriam
1613 1143 1720 1179 simul
1751 1147 1786 1179 ct
1815 1155 2007 1182 commune
2036 1147 2174 1182 bonum
2197 1157 2304 1194 quae-

1301 1201 1359 1247 rit,
1385 1201 1462 1235 Deo
1485 1200 1621 1235 obedit.
1855 1236 1862 1238 ,

1240 1259 1309 1301 Qui
1334 1260 1449 1294 Deum
1479 1269 1553 1294 non
1584 1259 1746 1303 agnoscit
1767 1270 1831 1307 per
1853 1261 2007 1310 sactum,
2039 1262 2069 1298 is
2096 1263 2212 1299 Deum
2233 1274 2304 1300 nou

1299 1319 1385 1353 satis
1417 1320 1528 1352 amat.

1241 1376 1305 1412 Cui
1328 1377 1449 1422 aliqua
1471 1376 1662 1422 displicent
1682 1377 1720 1410 in
1742 1376 1831 1411 actis
1848 1376 1930 1425 Dei,
1952 1377 1983 1413 is
2005 1378 2123 1416 Deum
2144 1390 2218 1415 non
2238 1391 2303 1426 pu-

1299 1438 1352 1470 tat
1374 1436 1583 1482 perfectum.

1238 1494 1307 1536 Qui
1346 1497 1449 1540 putat
1477 1493 1594 1527 Deum
1631 1492 1808 1538 quaedam
1845 1493 1964 1528 facere
1999 1505 2045 1528 cx
2075 1494 2302 1540 beneplacito

1297 1552 1483 1596 absoluto,
1522 1551 1661 1585 nullam
1693 1550 1870 1584 rationem
1899 1551 2073 1598 habente,
2108 1563 2169 1587 scu
2192 1553 2300 1589 liber-

1298 1613 1371 1644 tate
1398 1610 1505 1652 aloga
1535 1608 1610 1642 sive
1633 1607 1881 1655 indifferente,
1912 1609 1942 1643 is
1964 1609 2080 1645 Deum
2102 1621 2174 1646 non
2196 1614 2302 1658 putat

1297 1667 1510 1712 perfectum.

1239 1724 1308 1766 Qui
1340 1726 1441 1769 putat
1463 1724 1579 1758 Deum
1607 1732 1713 1767 agere
1742 1722 1882 1768 optimo
1910 1724 2020 1760 modo
2042 1726 2230 1775 possibili,
2267 1727 2299 1763 is

1298 1782 1416 1817 Deum
1439 1781 1605 1826 agnoscit
1625 1782 1834 1827 perfectum.

1238 1840 1412 1885 Quisquis
1440 1839 1748 1884 contemplatione
1777 1838 2009 1884 perfectionis
2038 1839 2183 1877 divinae
2223 1853 2298 1878 non

1296 1898 1506 1944 delectatur,
1531 1897 1561 1931 is
1584 1897 1700 1931 Deum
1721 1907 1795 1931 non
1815 1899 1928 1932 amat.

1238 1957 1371 1991 Omnes
1399 1958 1584 1990 creaturae
1614 1954 1777 1989 serviunt
1797 1955 1960 1990 felicitati
1982 1966 2044 1992 seu
2064 1957 2200 2002 gloriae
2229 1958 2297 1994 Dei

1298 2025 1364 2060 pro
1386 2014 1497 2060 gradu
1519 2013 1748 2059 perfectionis
1771 2024 1867 2048 suae.

1237 2072 1410 2118 Quisquis
1441 2072 1603 2107 felicitati
1625 2072 1693 2106 Dei
1714 2072 1823 2106 servit
1845 2075 1988 2118 praeter
2010 2083 2112 2109 suam
2135 2075 2295 2110 volunta·

1297 2134 1384 2177 teni,
1407 2131 1436 2165 is
1458 2131 1576 2165 Deum
1598 2141 1669 2165 non
1691 2132 1801 2164 amat.

1293 2248 1400 2282 vinae
1422 2247 1616 2292 felicitatis,
1639 2247 1669 2281 is
1691 2258 1740 2292 se,
1765 2247 1793 2281 is
1815 2246 1960 2282 demum
1981 2248 2097 2283 Deum
2119 2251 2230 2284 amat.

1233 2306 1301 2347 Qui
1326 2307 1442 2341 Deum
1464 2308 1581 2351 amat,
1606 2305 1740 2340 discere
1761 2307 1912 2340 conatur
1933 2305 2009 2348 ejus
2032 2307 2264 2342 voluntatem.

1232 2364 1301 2405 Qui
1323 2365 1439 2398 Deum
1463 2366 1576 2409 amat,
1598 2363 1674 2406 ejus
1699 2362 1876 2397 voluntati
1898 2363 2032 2398 obedit.

1231 2421 1301 2463 Qui
1324 2422 1441 2456 Deum
1463 2424 1573 2466 amat,
1595 2422 1696 2454 amat
1717 2430 1855 2454 omncs.

1231 2479 1403 2525 Quisquis
1425 2482 1478 2514 est
1501 2479 1655 2524 sapiens,
1677 2481 1777 2512 amat
1798 2488 1935 2512 omnes.

1233 2535 1427 2586 (Quisquis
1449 2541 1502 2572 est
1524 2537 1667 2582 sapiens
1689 2538 1787 2571 amat
1809 2533 1962 2580 omnes)

1232 2597 1359 2631 Omnis
1381 2597 1525 2642 sapiens
1548 2595 1716 2630 omnibus
1740 2594 1910 2640 prodesse
1931 2596 2093 2630 conatur.

1231 2655 1361 2690 Omnis
1384 2655 1527 2701 sapiens
1549 2654 1671 2688 multis
1695 2652 1850 2698 prodest.

1232 2714 1359 2748 Omnis
1381 2713 1522 2759 sapiens
1540 2713 1616 2746 Deo
1637 2711 1774 2745 amicus
1795 2714 1859 2745 est.

1232 2772 1360 2806 Omnis
1381 2771 1447 2806 Dei
1470 2770 1608 2805 amicus
1631 2772 1683 2804 est
1700 2769 1799 2803 felix.

1231 2830 1312 2871 Quo
1333 2829 1414 2875 quis
1432 2828 1632 2875 sapientior
1654 2827 1719 2861 hoc
1743 2825 1882 2862 felicior
1903 2825 1939 2860 in
1960 2824 2122 2872 potentia
2144 2824 2231 2872 pari.

1232 2888 1360 2923 Omnis
1382 2888 1524 2934 sapiens
1547 2889 1601 2920 cst
1619 2885 1751 2929 ¹iustus.

1234 2947 1361 2982 Omnis
1379 2945 1501 2991 justus
1521 2947 1574 2980 cst
1596 2944 1695 2979 felix.
