2361 3643
119 140 207 176 XIV
981 132 1498 171 PRAEFATIO.

120 225 515 277 dissimulationem3
548 222 673 266 alium
704 219 771 264 hie
802 226 927 279 atque
956 221 998 264 in
1027 219 1094 263 illa
1123 220 1275 264 indicat
1304 221 1608 280 disciplinarum
1639 222 1808 273 seriem,
1839 221 2189 280 metaphysicam,
2219 222 2274 265 ibi

122 305 340 355 omissam,
370 301 592 345 introducit
621 296 886 355 eandemque
922 312 1020 340 eum
1051 297 1258 358 theologia
1289 300 1510 357 conjungit.
1571 299 1682 341 Cum
1713 299 1966 340 mentionem
1997 300 2121 341 etiam
2152 299 2274 341 faciat

122 379 361 423 Matheseos
392 393 493 420 suae
523 373 739 434 generaliS,
770 373 963 432 equidem
993 389 1091 418 cum
1121 374 1370 418 Hanoverae
1399 374 1569 433 legerim
1607 374 1910 434 autographum
1938 373 2131 433 idemque
2160 380 2271 417 tran-

122 457 322 515 scriptum
354 452 591 513 possideam
623 449 749 509 quod,
780 456 874 492 octo
906 450 1188 510 complectens
1218 451 1323 504 solia,
1354 449 1593 510 inscriptum
1625 458 1705 494 est:
1754 450 1872 493 »Idea
1902 449 2003 502 libri,
2034 453 2100 494 cui
2131 449 2273 493 titulus

127 534 229 575 »erit
258 531 474 574 Elementa
503 543 613 571 nova
644 526 881 569 matheseos
913 526 1155 570 universalis
1166 548 1210 580 ,1-
1247 554 1303 558 —
1335 527 1403 570 diu
1433 526 1632 570 haesitavi
1665 533 1804 569 utrum
1835 527 2060 568 insererem
2092 542 2145 569 an
2175 542 2272 570 non.

124 609 209 652 Sed
241 623 337 650 cum
366 607 419 647 sit
446 607 725 664 fragmentum
755 618 973 656 mancum,
1002 605 1245 662 praesertim
1276 619 1374 646 vero
1403 619 1499 646 cum
1530 610 1616 646 tota
1647 605 1737 662 ejus
1767 601 1926 645 indoles
1957 602 2008 643 sit
2038 601 2273 645 mathema·

122 686 214 735 tica,
246 682 376 725 omisi.
439 682 549 724 Sunt
578 680 828 724 Hanoverae
858 686 945 722 tani
976 678 1106 722 multa
1139 679 1395 738 autographa
1423 679 1714 722 mathematica
1745 678 1930 722 nondum
1961 678 2083 731 edita,
2113 684 2160 720 ut
2188 693 2273 721 non

123 760 281 817 possim
320 759 418 816 quin
458 773 623 815 sperem
663 759 751 800 fore
790 763 837 798 ut
875 755 1218 799 mathematicum
1255 755 1454 798 editorem
1491 758 1717 814 reperiant,
1757 757 1825 798 cui
1861 754 1941 798 hoc
1980 755 2106 798 etiam
2145 753 2272 797 eden-

120 836 221 879 dum
251 833 518 892 relinquatur.

238 909 353 954 XVI.
395 908 669 953 Guilielmi
699 908 902 953 Pacidii
939 908 1089 952 initia
1129 913 1178 951 et
1212 907 1494 966 specimina
1533 908 1786 951 scientiae
1825 906 2098 967 generalis.
2165 906 2272 949 Pro-

120 988 179 1031 dit
217 986 435 1030 exordium
473 991 664 1028 autorem
697 985 937 1043 juvenilem.
997 983 1310 1043 Inscriptionem
1341 999 1419 1042 ego
1451 985 1680 1042 fragmento
1710 983 1854 1037 indidi,
1893 999 1975 1042 quo
2008 984 2144 1041 operis
2175 997 2273 1041 pro-

121 1065 235 1107 missi
262 1063 375 1106 initia
405 1068 552 1104 auctor
579 1060 803 1103 lectoribus
834 1062 962 1103 ossert.

236 1138 367 1183 XVII.
405 1137 456 1182 In
496 1137 785 1196 specimina
824 1135 1025 1179 Pacidii
1063 1134 1391 1177 introductio
1431 1133 1694 1177 historica.
1753 1135 1873 1178 Hanc
1910 1135 2004 1178 dedi
2040 1135 2272 1193 inscriptio-

120 1232 218 1261 nem
246 1218 476 1275 fragmento
509 1213 778 1264 Leibnitiano,
810 1228 892 1270 qno
925 1210 1041 1253 aliter
1069 1225 1119 1253 ac
1150 1225 1275 1269 supra
1307 1210 1531 1253 exorditur.
1580 1210 1711 1253 Multa
1741 1217 1905 1269 praeter
1933 1210 2015 1254 hoc
2044 1211 2125 1253 vidi
2151 1209 2273 1252 sche-

122 1293 210 1346 dia,
247 1292 398 1350 quibus
425 1290 571 1333 iisdem
601 1292 685 1331 sere
716 1288 851 1330 verbis
883 1287 1030 1330 eadem
1062 1302 1170 1345 quae
1200 1286 1267 1329 hic
1296 1293 1526 1339 narrantur,
1556 1288 1611 1329 ita
1641 1293 1688 1328 ut
1718 1285 1907 1338 credam,
1938 1286 2187 1329 Leibnitium
2216 1287 2271 1328 si-

123 1370 290 1429 quidem
323 1383 428 1426 opus
457 1365 555 1408 illud
587 1364 792 1417 edidisset,
822 1363 904 1408 hoc
932 1366 1018 1406 fere
1048 1362 1174 1406 modo
1206 1378 1453 1406 exorsurum
1485 1364 1621 1406 fuisse.
1667 1362 1868 1405 Ceterum
1898 1362 1978 1406 hoc
1995 1364 2274 1421 fragmentum

121 1461 214 1488 mea
256 1445 446 1502 opinione
484 1441 616 1485 multo
658 1447 752 1499 post
790 1456 840 1483 ea
869 1442 1152 1499 conscriptum
1183 1447 1266 1493 est,
1305 1455 1412 1497 (piae
1451 1455 1576 1497 supra
1607 1438 1832 1482 attulimus.
1892 1439 2053 1482 Suadet
2081 1439 2160 1482 hoe
2190 1454 2275 1482 non

120 1520 257 1564 solum
288 1521 517 1577 scripturae
547 1518 730 1576 species,
770 1516 948 1560 suadent
981 1516 1184 1577 imprimis
1220 1513 1298 1558 hae
1325 1517 1556 1574 juventutis
1587 1517 1824 1570 memoriae,
1855 1515 2005 1574 quibus
2034 1522 2148 1558 aetas
2178 1530 2275 1573 pro-

119 1598 277 1640 vectior
315 1595 508 1638 delectari
545 1593 662 1636 solet.
722 1591 876 1635 Nescio
916 1608 969 1636 an
1017 1609 1042 1636 e
1080 1592 1161 1637 {ine
1199 1590 1323 1650 hujus
1359 1592 1578 1651 fragmenti
1616 1593 1854 1650 conjiciam,
1888 1590 2141 1636 Leibnitium
2176 1606 2274 1634 cum

120 1673 316 1718 scriberet
340 1673 428 1729 jam
468 1669 654 1712 hausisse
686 1670 825 1728 regiae
854 1667 974 1712 aulae
1005 1672 1156 1712 aerem.

237 1747 384 1792 XVlll.
416 1745 769 1790 Fundamenta
801 1744 995 1788 calculi
1026 1745 1448 1797 ratiocinatoris,
1479 1746 1756 1803 fragmentum
1788 1745 1838 1788 ab
1868 1747 1957 1805 ipso
1986 1744 2187 1788 Leibnitio
2217 1745 2274 1787 ita

119 1826 374 1884 inscriptum.
438 1823 680 1865 Ostenditur
709 1821 774 1864 hic
806 1822 1015 1880 quomodo
1046 1824 1217 1866 seientia
1244 1821 1487 1864 universalis
1518 1836 1616 1864 cum
1647 1836 1727 1865 usu
1758 1822 1973 1880 signorum
2003 1837 2079 1865 seu
2109 1821 2276 1880 linguae

119 1901 422 1946 charactericae
452 1897 675 1941 cohaerere
703 1899 781 1957 ipsi
812 1899 899 1940 w'sa
931 1899 994 1940 sit.

236 1975 353 2019 XIX.
385 1974 497 2018 Non
535 1974 805 2033 inelegans
844 1976 1113 2032 specimen
1153 1972 1543 2018 demonstrandi
1581 1975 1630 2017 in
1669 1974 1967 2017 abstractis.
2028 1972 2194 2016 Titulus
2224 1972 2276 2015 ab

118 2056 206 2112 ipso
238 2051 440 2095 Leibnitio
471 2052 704 2110 inscriptus,
734 2058 879 2110 postea
912 2050 1165 2103 obliteratuS,
1192 2049 1418 2111 juvenilem
1450 2050 1585 2109 prodit
1613 2056 1803 2092 aetatem.
1852 2050 2005 2104 Quanti
2035 2050 2126 2108 ipse
2156 2056 2278 2092 autor

117 2129 223 2172 hanc
264 2130 659 2171 commentationem
697 2128 976 2170 aestimaverit
1014 2144 1038 2170 e
1069 2126 1392 2171 correctionibus
1443 2132 1578 2184 patet,
1619 2125 1769 2185 quibus
1807 2126 1980 2169 diversis
2020 2125 2275 2184 temporibus

119 2210 179 2259 (ut
208 2205 421 2248 literarum
451 2205 612 2262 species
642 2204 796 2262 prodit)
829 2218 922 2246 eam
952 2204 1179 2261 castigavit.

235 2281 336 2324 XX.
367 2278 614 2323 Addenda
651 2279 711 2322 ad
752 2280 1019 2338 specimen
1057 2279 1247 2322 calculi
1285 2278 1622 2331 universalis,
1662 2277 1811 2320 eodem
1856 2277 1940 2319 sere
1972 2283 2159 2334 tempore
2191 2292 2274 2335 quo

121 2358 332 2416 specimen
362 2355 462 2398 illud
493 2356 722 2411 conscripta
755 2370 848 2397 esse
879 2355 1090 2398 literarum
1121 2356 1281 2412 species
1312 2362 1498 2398 testatur.
1559 2354 1709 2411 Neque
1741 2359 2037 2410 argumentum
2059 2360 2273 2411 repugnat.

234 2431 341 2475 XXI
370 2431 446 2474 De
477 2430 795 2474 veritatibus
825 2432 1018 2489 primis.
1080 2430 1199 2473 Hanc
1236 2432 1631 2474 commentationem
1663 2429 1738 2471 etsi
1769 2429 1922 2472 seriore
1954 2434 2141 2487 tempore
2171 2444 2272 2472 conu

120 2511 313 2567 scriptam
347 2515 446 2566 puto
480 2515 618 2549 tamen
650 2506 702 2549 ob
734 2508 968 2566 argumenti
999 2506 1305 2550 similitudinem
1337 2507 1416 2549 hoc
1446 2506 1537 2549 loco
1570 2506 1701 2563 posui.
1762 2503 1949 2548 Eandem
1980 2512 2149 2547 secutus
2180 2521 2274 2547 sum

117 2586 320 2628 rationem
350 2585 391 2626 in
423 2582 590 2625 edendis

238 2659 370 2702 >Qut
417 2658 835 2702 Definitionibus
881 2658 1087 2718 logicis,
1135 2675 1242 2717 quac
1279 2658 1463 2702 nondum
1503 2655 1677 2700 antehac
1724 2658 1833 2715 typis
1880 2672 2101 2715 expressae
2147 2663 2274 2700 erant.

121 2737 281 2792 Quibus

236 2810 387 2854 XXllI.
419 2810 783 2852 Dil'sicultates
827 2809 1068 2868 quasdam
1100 2809 1319 2867 logicas,
1355 2826 1378 2853 a
1408 2810 1564 2868 Raspio
1593 2811 1679 2868 jam
1712 2808 1863 2861 editas,
1895 2808 2098 2866 subjunxi.
2130 2833 2185 2838 —-

237 2887 392 2929 XXlV.
427 2886 630 2928 Extrait
661 2886 804 2928 d'une
835 2884 989 2928 lettre
1020 2887 1042 2928 Ξι
1065 2885 1138 2928 Mr.
1163 2885 1333 2943 ssayle.
1365 2887 1482 2929 Ilanc
1505 2885 1734 2944 epistolarii,
1757 2902 1863 2928 anno
1885 2882 2273 2927 MDCLXXXVH.

124 2965 419 3020 conscriptam,
450 2978 575 3020 quam
598 2964 685 3019 ipse
707 2960 936 3003 Leibnitius
958 2969 1175 3014 memorat,
1197 2962 1396 3004 scribens:
1434 2962 1518 3004 »La
1540 2962 1593 3004 loi
1616 2961 1666 3003 de
1688 2962 1933 3011 continuite,
1956 2975 2036 3016 que
2055 2959 2121 3016 j'ai
2146 2960 2274 3001 intro·

129 3038 284 3089 uiuite,
308 3045 348 3081 et
373 3038 472 3080 dont
484 3040 553 3096 j'ai
570 3039 638 3079 l'ait
655 3037 691 3078 la
714 3038 913 3094 premiere
935 3039 1116 3079 mention
1135 3037 1235 3080 (lans
1251 3037 1309 3080 les
1326 3038 1538 3081 nouvelles
1555 3038 1604 3081 dc
1620 3038 1659 3080 la
1676 3036 1915 3096 republique
1933 3034 2004 3076 des
2020 3033 2196 3086 lett1·es‚»
2220 3061 2275 3065 -
2324 3092 2332 3097 Χ

126 3114 319 3156 Dutensii
344 3114 465 3157 editio
489 3129 572 3156 non
599 3112 775 3155 exhibet.
817 3111 1023 3170 Equidem
1041 3128 1134 3154 cam
1151 3115 1302 3155 inserui
1319 3130 1415 3156 cum
1436 3113 1504 3156 illa
1520 3114 1587 3157 lex
1603 3121 1774 3157 naturae
1792 3110 1843 3153 de
1862 3116 2173 3168 q1.1atamqnam
2192 3127 2213 3152 a
2230 3126 2274 3152 se

122 3191 291 3231 inventa
323 3192 488 3248 saepius
519 3189 594 3232 sibi
625 3187 853 3247 gratulatur
883 3194 1035 3240 noster,
1065 3187 1132 3230 hic
1162 3190 1342 3246 primum
1374 3193 1560 3250 exposita
1591 3190 1652 3231 sit.
1691 3186 1863 3229 Accedit
1893 3193 1938 3228 ut
1960 3185 2275 3229 demonstratio-

128 3265 248 3306 nibus
280 3265 581 3309 mathematicis
613 3266 812 3309 abstineat
844 3264 893 3308 ad
926 3266 1059 3307 virum
1091 3264 1269 3309 scribens
1301 3269 1376 3310 etsi
1406 3266 1734 3326 sagacissimum,
1765 3262 2000 3306 matheseos
2031 3270 2170 3305 tamen
2198 3264 2276 3305 im-

123 3347 311 3397 peritum.
