2361 3643
612 124 743 164 XCVI.

100 223 344 272 Aggregatum
362 220 555 257 resolvitur
575 218 613 255 in
634 222 774 267 partes,
798 229 872 256 non
891 218 1093 256 substantia

43 281 263 330 composita3
283 289 377 326 quae
397 282 518 327 partes
533 281 790 326 componentes
805 278 920 324 exigit
938 281 1091 325 tantum,

43 351 168 378 verum
187 350 262 375 non
282 350 330 374 ex
350 338 395 374 iis
414 338 655 375 essentialiter
676 337 923 384 constituitur,
955 336 1091 383 alioqui

43 402 135 437 soret
154 401 399 445 aggregatum.
440 397 528 442 Agit
547 396 770 443 mechanice,
800 395 884 442 quia
913 396 952 431 in
972 407 1010 432 se
1029 395 1091 431 ha-

40 458 104 494 bet
122 457 215 493 vires
235 456 456 504 primitivas,
477 466 540 492 seu
558 454 781 503 essentiales,
805 456 841 490 et
861 453 1090 502 derivativas,

39 527 103 553 scu
122 515 371 552 accidentales.

97 574 164 610 Est
185 573 281 609 Echo
302 571 521 619 monadum,
550 580 597 606 ex
626 581 691 606 sua
717 570 991 618 constitutione,
1020 581 1091 617 qua

36 633 150 669 'semel
170 633 288 679 posita
307 631 421 676 exigit
441 629 627 676 monades,
648 629 711 665 sed
731 640 805 665 non
826 629 872 666 ab
888 630 934 665 iis
949 629 1091 677 pendet.

39 693 162 728 Etiam
189 690 311 726 anima
338 693 393 724 est
418 688 516 724 Echo
541 690 796 736 externorum,
831 691 868 725 et
895 692 1017 725 tamen
1045 687 1092 724 ab

40 749 201 786 externis
223 752 277 784 est
297 746 551 793 independens.

98 808 193 850 Quia
212 817 276 842 nec
305 805 497 851 monades,
528 815 593 841 nec
621 803 843 840 substantiae
869 803 1093 851 compositae

39 866 213 913 partiales
243 865 288 900 de
318 863 521 899 substantia
549 862 750 910 composita
780 864 905 899 totalis
940 863 1093 899 essentia

39 926 141 968 sunt3
172 923 255 958 ideo
275 922 386 957 salvis
406 921 643 967 monadibus,
673 921 730 956 vel
758 922 839 956 aliis
860 922 1094 968 ingredienti-

38 982 118 1030 bus,
140 981 345 1017 substantia
365 980 567 1027 composita
588 979 667 1015 tolli
682 983 816 1027 potest,
836 981 964 1016 etv1ce
979 991 1094 1016 versa.

97 1040 134 1076 Si
155 1050 308 1087 corpora
335 1050 437 1075 mera
465 1041 584 1074 essent
604 1038 870 1087 phaenomena,
896 1040 1093 1076 existerent

40 1102 165 1136 tamen
185 1102 226 1135 ut
246 1099 506 1145 phaenomena,
529 1097 628 1133 velut
647 1096 726 1132 Iris.

100 1157 178 1206 Ais,
199 1168 352 1204 corpora
374 1167 478 1203 posse
498 1167 574 1191 esse
594 1155 694 1192 aliud
711 1165 819 1202 quam
835 1156 1094 1204 phaenomena,

39 1215 108 1252 etsi
133 1226 208 1251 non
235 1216 309 1251 sint
332 1215 566 1251 substantiae.
623 1214 699 1259 Ego
727 1217 834 1261 puto,
869 1215 939 1250 nisi
967 1215 1094 1251 dentur

40 1274 264 1310 substantiae
284 1284 497 1321 corporeae,
528 1283 680 1320 corpora
700 1272 739 1307 in
759 1273 1009 1319 phaenomena
1029 1273 1093 1309 ab·

38 1333 105 1370 ire.
137 1332 184 1368 Et
203 1333 280 1380 ipsa
301 1336 495 1378 aggregata
514 1331 605 1367 nihil
623 1331 722 1367 aliud
742 1334 835 1380 sunt,
859 1342 967 1378 quam
989 1332 1093 1379 phae«

39 1401 207 1437 nomena,
228 1402 311 1426 cum
333 1394 477 1437 praeter
493 1389 665 1426 monades
681 1390 933 1434 ingredientes,
953 1394 1094 1427 caetera

38 1460 104 1496 per
125 1450 242 1484 solam
262 1450 530 1495 perceptionem
551 1448 750 1495 addantur,
774 1459 818 1484 eo
837 1449 918 1495 ipso
939 1449 1025 1485 dum
1046 1450 1094 1484 si-

39 1507 116 1543 mul
136 1506 394 1554 percipiuntur.
424 1507 616 1542 Praeterea
637 1507 667 1540 si
688 1507 765 1541 sola
783 1507 956 1542 monades
975 1511 1094 1543 essent

39 1565 284 1612 substantiae,
306 1564 521 1600 alterutrum
542 1564 782 1599 necessarium
801 1568 911 1611 esset,
933 1569 996 1601 aut
1015 1577 1093 1601 cor-

39 1635 132 1672 pora
150 1635 228 1660 esse
247 1633 348 1660 mera
367 1623 638 1669 phaenomena,
669 1624 734 1658 aut
762 1623 976 1659 continuum
1003 1624 1094 1659 oriri

39 1694 88 1719 cx
105 1683 265 1730 punctis,
286 1681 385 1728 quod
404 1681 601 1718 absurdum
621 1691 697 1716 esse
717 1683 867 1716 constat.
909 1681 1095 1718 Continui-

37 1745 94 1777 tas
113 1741 221 1776 realis
241 1751 315 1776 non
334 1740 406 1775 nisi
420 1751 442 1776 a
457 1741 601 1776 vinculo
616 1739 846 1776 substantiali
862 1740 950 1776 oriri
966 1743 1096 1787 potest.

39 1799 77 1834 Si
97 1799 188 1835 nihil
208 1798 381 1834 existeret
400 1798 638 1834 substantiale
659 1801 803 1845 praeter
824 1799 1010 1847 monades,
1033 1810 1096 1834 sen

39 1857 71 1893 si
97 1857 303 1904 composita
332 1859 453 1892 essent
487 1867 589 1892 mera
621 1856 894 1905 phaenomena,
931 1858 1095 1893 extensio

39 1916 121 1963 ipsa
143 1916 194 1950 nil
215 1917 309 1951 foret
329 1915 398 1950 nisi
417 1914 694 1961 pliaenomenon
713 1916 893 1951 resultans
920 1927 967 1952 ex
987 1927 1093 1963 appa-

40 1974 168 2010 rentiis
201 1973 425 2009 simultaneis
447 1973 691 2020 coordinatis,
721 1976 758 2008 et
785 1984 828 2009 eo
858 1973 940 2021 ipso
969 1985 1095 2010 omnes

40 2032 308 2069 controversiae
340 2032 384 2067 de
413 2031 677 2078 compositione
706 2031 868 2067 continui
903 2035 1094 2069 cessarent.

40 2091 146 2133 Quod
166 2101 254 2126 vero
274 2090 420 2126 additur
439 2089 658 2125 monadibus
685 2093 724 2125 ut
751 2090 998 2136 phaenomena
1017 2101 1096 2126 rea-

39 2150 204 2196 lizentur,
227 2160 301 2185 non
322 2152 377 2185 est
398 2148 599 2184 moditiatio
615 2148 824 2196 monadum,
847 2149 932 2195 quia
947 2149 1037 2184 nihil
1057 2149 1095 2184 in

39 2218 165 2243 earum
184 2207 476 2254 perceptionibus
498 2209 625 2242 mutat.
656 2206 811 2242 Ordines
825 2208 934 2254 enim,
957 2218 1019 2243 seu
1040 2218 1095 2243 rc-

38 2267 214 2314 lationes,
242 2275 336 2312 quae
356 2265 446 2301 duas
466 2265 641 2301 monades
656 2264 831 2312 jungunt,
860 2276 933 2301 non
954 2268 1038 2301 sunt
1058 2266 1096 2301 in

39 2325 215 2360 alterutra
236 2323 410 2371 monade,
440 2323 502 2359 sed
530 2324 569 2358 in
595 2326 748 2369 utraque
768 2334 881 2370 aeque
902 2324 1030 2371 simul,
1058 2324 1095 2360 id

40 2385 113 2429 est,
143 2393 270 2418 revera
289 2382 326 2418 in
347 2385 496 2430 neutra,
520 2381 582 2419 sed
602 2382 643 2417 in
662 2381 740 2417 sola
762 2385 901 2428 mente3
930 2382 1021 2418 hanc
1041 2393 1095 2418 re-

38 2441 213 2477 lationem
233 2452 308 2477 non
327 2440 527 2488 intelliges,
561 2440 629 2476 nisi
651 2440 764 2476 addas
783 2441 967 2476 vinculum
987 2442 1094 2488 reale,

38 2510 103 2535 seu
123 2498 358 2534 substantiale
379 2498 538 2546 aliquid,
566 2499 663 2544 quod
692 2499 740 2534 sit
766 2499 969 2543 subiectum
998 2510 1095 2536 com-

40 2556 229 2604 munium,
249 2566 314 2592 seu
334 2556 631 2603 conjungentium
651 2557 941 2603 praedicatorum
961 2565 998 2593 et
1018 2569 1095 2594 mo·

41 2613 299 2651 ‹lificati0n111n.
348 2614 474 2661 Neque
508 2614 606 2650 enim
640 2617 730 2660 puto
753 2625 775 2650 a
795 2618 831 2650 te
862 2616 972 2652 statui
1006 2616 1097 2652 acci·

40 2674 148 2720 dens,
178 2672 276 2719 quod
297 2672 404 2708 simul
425 2672 514 2708 insit
533 2672 675 2708 duobus
694 2672 886 2721 subjectis,
912 2677 949 2711 et
968 2685 1093 2724 unum,

41 2735 83 2767 ut
111 2731 162 2766 sic
190 2730 331 2776 dicam,
361 2730 490 2777 pedem
520 2730 558 2767 in
585 2741 679 2779 uno,
721 2731 878 2768 alterum
912 2732 951 2768 in
979 2733 1095 2770 altero

42 2789 182 2826 habeat.

99 2847 291 2890 Quantitas
310 2846 481 2882 continua
500 2856 571 2882 non
592 2845 693 2881 addit
713 2845 1096 2894 impenetrabilitatem

44 2903 147 2956 (nam
169 2917 212 2941 ea
232 2905 344 2941 etiam
363 2905 445 2941 loco
466 2900 656 2954 tribuitur)
681 2905 743 2940 sed
764 2907 930 2944 materia.
962 2907 1009 2943 Et
1029 2919 1095 2944 vos

43 2965 113 3012 ipsi
132 2963 292 3000 statuitis
312 2963 695 3010 impenetrabilitatem
714 2963 813 3010 exigi
828 2967 970 3001 tantum
985 2977 1007 3001 a
1020 2977 1096 3002 ma—

44 3023 147 3069 teria,
169 3033 243 3058 non
262 3033 338 3057 esse
359 3022 403 3057 de
424 3021 502 3066 ejns
523 3021 691 3057 essentia.

102 3081 312 3117 Substantia
333 3080 532 3127 composita
558 3090 632 3114 non
653 3079 817 3116 consistit
838 3082 1039 3118 formaliter
1058 3082 1097 3118 in

44 3139 273 3187 monadibus,
296 3142 332 3176 et
352 3150 479 3175 earum
499 3137 808 3187 subordinatione,
836 3139 888 3175 ita
908 3141 1005 3176 enim
1024 3151 1098 3177 me-

45 3207 127 3232 rum
148 3197 243 3232 foret
263 3200 516 3245 aggregatum,
545 3208 608 3233 seu
638 3207 700 3232 ens
728 3208 792 3243 per
819 3198 1003 3243 accidens3
1034 3199 1096 3235 sed

44 3254 212 3291 consistit
232 3255 268 3290 in
290 3255 324 3291 vi
346 3257 481 3305 activa,
504 3258 541 3291 et
561 3255 703 3304 passiva
723 3256 927 3305 primitiva,
949 3268 996 3292 ex
1019 3258 1097 3305 qui-

805 125 876 162 AD
905 123 994 162 DES
1024 121 1189 161 BOSSES
1219 120 1462 161 EPISTOLA.
1495 122 1627 162 XXX.

2117 126 2197 169 741

1150 216 1216 253 bus
1236 217 1402 254 oriuntur
1428 217 1641 265 qualitates,
1672 221 1709 255 ct
1734 213 1914 268 actiones,
1945 221 2200 272 passionesque

1150 276 1361 324 compositi,
1389 287 1480 323 quae
1509 277 1673 313 sensibus
1694 278 2028 329 deprehenduntur,
2058 282 2089 318 si
2117 284 2199 331 plus

1148 345 1256 382 quam
1276 336 1524 382 phaenomena
1544 347 1620 372 esse
1640 339 1829 384 ponantur.

1205 393 1331 441 Dicis,
1373 394 1642 430 modificari
1682 395 2083 434 substantialiter
2121 410 2199 437 csse

1148 453 1320 489 monades
1350 452 1482 489 habere
1516 453 1687 503 modum,
1723 455 1787 501 qui
1819 466 1880 491 eas
1907 456 2017 493 faciat
2035 460 2200 496 naturale

1149 511 1366 558 principium
1393 512 1660 558 operationum.
1722 513 1791 548 Sed
1818 514 1924 561 quid,
1953 525 2109 565 quaesO,
2138 518 2200 555 ille

1148 569 1277 606 modus
1318 572 1449 606 est-ne
1484 570 1657 617 qualitas}
1693 575 1820 607 est-ne
1855 573 1974 609 actio?
2032 574 2202 613 Mutatue

1148 629 1347 664 monadum
1365 629 1638 676 perceptiones?
1697 629 1796 666 Nihil
1817 632 1888 667 tale
1909 631 1978 668 dici
2000 633 2126 683 debet3
2146 646 2200 673 re-

1150 697 1237 724 vera
1258 687 1461 723 substantia
1483 691 1546 736 est,
1569 699 1642 724 non
1660 689 1856 725 monadum
1877 691 2024 739 modus,
2047 693 2117 729 etsi
2137 705 2200 731 na-

1148 746 1313 783 turaliter
1327 746 1360 781 ei
1377 747 1550 783 monades
1567 747 1819 795 respondeant.
1844 749 2017 786 Monades
2031 762 2104 788 non
2119 757 2202 790 sunt

1148 805 1366 852 principium
1387 806 1640 853 operationum
1660 806 1707 842 ad
1727 809 1845 842 extra.
1905 808 2034 846 Nescio
2055 811 2142 858 quid
2165 815 2201 848 te

1149 863 1289 911 adigat,
1317 866 1357 900 ut
1383 864 1729 901 substantialitatem
1762 866 1956 913 compositi
1984 869 2096 905 facias
2125 880 2204 906 mo·

1150 923 1286 959 nadum
1307 922 1474 971 modum,
1503 923 1542 958 id
1561 926 1633 971 est,
1663 934 1790 960 revera
1810 925 1984 962 accidens.
2043 928 2127 964 Non
2148 932 2203 965 est

1151 992 1241 1028 opus
1271 984 1311 1017 ut
1345 984 1543 1018 statuamus
1577 981 1796 1018 substantias
1831 983 1936 1031 oriri,
1974 984 2203 1035 interii-eque,

1150 1040 1225 1076 imo
1253 1039 1284 1075 si
1310 1041 1517 1088 statuimus,
1556 1044 1756 1077 evertemus
1777 1041 2000 1078 substantiae
2021 1047 2203 1094 naturam,

1151 1099 1423 1145 recidemusque
1444 1099 1482 1134 in
1502 1103 1706 1147 aggregata,
1730 1110 1792 1136 seu
1812 1100 1920 1136 Entia
1940 1111 2005 1148 per
2025 1103 2203 1139 accidens.

1152 1157 1258 1199 Quod
1294 1158 1402 1202 vulgo
1429 1158 1650 1194 substantias
1677 1159 1818 1205 dieunt,
1851 1169 1977 1195 revera
2012 1170 2085 1197 non
2107 1164 2205 1210 sunt,

1152 1216 1220 1252 nisi
1240 1215 1491 1252 substantiata.
1543 1217 1753 1264 Philosophi
1773 1217 2016 1265 Peripatetici,
2038 1219 2124 1255 dum
2144 1231 2206 1267 ge-

1152 1275 1395 1323 nerationem,
1424 1278 1460 1311 et
1487 1277 1756 1323 corruptionem
1776 1287 1899 1312 veram
1920 1277 2207 1315 substantiarum

1151 1334 1390 1380 crediderunt,
1412 1334 1451 1369 in
1471 1334 1698 1371 difficultates
1718 1334 1992 1382 inexplicabiles
2005 1336 2208 1374 inciderunt

1151 1393 1246 1429 circa
1285 1393 1464 1439 originem
1498 1394 1719 1441 formarum,
1759 1393 1921 1442 aliaque,
1961 1405 2055 1442 quae
2083 1396 2208 1434 omnia

1151 1462 1233 1488 meo
1253 1451 1458 1498 explicandi
1479 1452 1589 1488 modo
1607 1456 1756 1489 cessant.

1209 1510 1265 1546 Ita
1286 1512 1359 1556 est,
1381 1512 1420 1546 ut
1439 1510 1507 1559 ais,
1527 1510 1589 1547 ubi
1609 1511 1814 1547 substantia
1833 1510 1896 1546 illa
1915 1511 2083 1548 absoluta
2104 1512 2209 1549 reali·

1153 1579 1237 1603 zaus
1253 1568 1519 1616 phaenomena,
1541 1569 1701 1616 ponitur,
1722 1569 1846 1606 statim
1867 1569 2021 1606 liabetur
2041 1571 2208 1607 substan-

1153 1626 1204 1661 tia
1240 1627 1454 1673 compositi,
1490 1628 1553 1663 sed
1583 1638 1606 1662 a
1625 1628 1703 1664 Deo
1731 1628 1943 1674 regulariter
1979 1632 2107 1675 agente
2135 1640 2211 1666 non

1153 1684 1323 1731 ponitur,
1343 1685 1414 1720 nisi
1435 1684 1564 1720 dentur
1584 1686 1843 1732 ingredientia3
1870 1697 2001 1734 nempe
2022 1689 2209 1736 monades,

1153 1745 1217 1778 aut
1237 1742 1331 1778 aliae
1352 1742 1577 1778 substantiae
1597 1745 1821 1791 compositae
1841 1746 2093 1792 partialesque.
2153 1748 2212 1784 In-

1154 1801 1261 1837 terim
1280 1801 1369 1837 haec
1388 1801 1627 1848 ingredientia
1647 1803 1850 1839 formaliter
1869 1814 1943 1839 non
1963 1805 2107 1851 insunt,
2134 1805 2212 1841 exi-

1153 1863 1304 1906 guntur,
1335 1871 1409 1896 non
1435 1862 1636 1897 necessario
1656 1862 1896 1908 requiruntur.
1958 1863 2085 1909 Itaque
2105 1863 2214 1899 mira-

1153 1918 1236 1954 culo
1256 1918 1381 1954 abesse
1400 1922 1574 1968 possunt,
1608 1920 1647 1956 id
1668 1924 1742 1967 est,
1778 1920 1850 1955 ista
1879 1920 2117 1967 ingredientia
2136 1934 2213 1959 non

1154 1979 1237 2011 sunt
1264 1977 1468 2012 formaliter
1501 1978 1756 2023 constitutiva3
1792 1980 1876 2012 sunt
1909 1979 2143 2015 constitutiva
2173 1980 2213 2016 in

1154 2034 1374 2080 aggregatis,
1410 2045 1485 2070 non
1505 2035 1545 2070 in
1566 2035 1660 2070 veris
1681 2035 1904 2070 substantiis.
1964 2036 2093 2085 Dices,
2129 2049 2212 2074 cum

1153 2092 1357 2128 substantia
1376 2094 1579 2139 composita
1598 2093 1720 2140 abest,
1744 2094 1917 2129 monades
1946 2105 2049 2143 vero,
2077 2096 2135 2131 vel
2155 2096 2210 2132 in-

1154 2150 1376 2196 gredientia,
1398 2161 1472 2186 non
1493 2151 1645 2197 adsunt,
1675 2161 1782 2186 nemo
1803 2151 1896 2187 dicet
1916 2152 2041 2188 adesse
2062 2165 2210 2201 compo-

1155 2209 1276 2245 situm.
1337 2209 1573 2256 Respondeo,
1602 2219 1708 2245 nemo
1737 2203 1848 2258 dicet,
1878 2210 1949 2245 nisi
1977 2211 2127 2248 edoctus
2149 2212 2210 2260 sit,

1153 2279 1230 2303 esse
1264 2267 1496 2303 miraculum:
1557 2268 1615 2303 Sic
1635 2278 1742 2303 nemo
1764 2267 1876 2315 dicet,
1914 2269 2051 2316 Corpus
2079 2271 2212 2307 Christi

1154 2326 1278 2362 adesse
1314 2325 1354 2361 in
1381 2326 1627 2375 Eucharistia,
1664 2325 1736 2362 nisi
1771 2326 1917 2363 edoctus
1953 2328 2021 2364 hoe
2055 2329 2211 2366 miracu-

1152 2385 1229 2421 lose
1247 2383 1335 2419 fieri.

1212 2443 1379 2489 Ignosce,
1410 2442 1509 2488 quod
1538 2443 1699 2479 saltatim
1720 2443 1856 2492 scribo,
1887 2446 1924 2479 et
1953 2443 2035 2480 ideo
2055 2444 2212 2482 fortasse

1155 2512 1227 2537 non
1263 2511 1405 2547 semper
1437 2501 1639 2547 satisfaci03
1674 2512 1760 2538 nam
1795 2502 1842 2537 ad
1867 2503 2050 2539 anteriora
2076 2505 2212 2552 scripta

1155 2569 1336 2596 recurrere
1371 2569 1445 2594 non
1480 2570 1641 2606 possum.
1702 2559 1791 2596 Inde
1821 2560 2003 2597 interdum
2032 2563 2212 2608 quaedam

1154 2617 1290 2665 species
1316 2617 1613 2654 contradictionis
1632 2620 1783 2654 fortasse
1803 2619 1949 2656 orietur.
2002 2619 2062 2664 ‚Re
2088 2624 2209 2657 tamen

1154 2687 1306 2713 excussa
1339 2676 1409 2712 erit
1443 2677 1598 2712 fortasse
1632 2677 1748 2722 magis
1782 2677 1822 2713 in
1849 2678 1959 2714 modo
1986 2678 2208 2725 enuntiandi,

1154 2745 1263 2782 quam
1284 2734 1403 2770 rebus·
1464 2735 1616 2783 Nescio,
1638 2746 1705 2784 an,
1735 2736 1817 2784 ubi,
1848 2739 1884 2773 et
1903 2737 2086 2784 quomodo
2106 2737 2207 2772 dixe-

1153 2794 1224 2829 rim
1259 2793 1563 2830 modificatIOnem
1598 2794 1650 2830 rei
1682 2805 1756 2831 non
1788 2798 1959 2832 extensae
1987 2798 2102 2831 facere
2130 2804 2208 2830 rem

1154 2855 1352 2888 extensam.

1214 2910 1342 2946 Omnis
1372 2909 1546 2956 perfectio
1573 2920 1655 2947 meo
1677 2909 1818 2956 judicio
1847 2912 1893 2948 ad
1913 2912 2047 2947 lineam
2066 2910 2207 2957 sapien-

1154 2968 1227 3004 tiae
1247 2968 1414 3015 pertinet.
1473 2968 1587 3005 Porro
1607 2970 1702 3007 linea
1722 2971 1920 3018 sapientiae
1939 2980 1982 3005 eo
2003 2968 2135 3015 tendit,
2167 2971 2209 3004 ut

1156 3027 1329 3073 perfectio
1364 3026 1528 3063 maxima
1561 3028 1831 3076 introducatur,
1863 3038 1972 3074 quam
2007 3037 2064 3061 res
2098 3027 2206 3073 capit.

1156 3085 1283 3131 Itaque
1311 3085 1342 3120 si
1363 3095 1456 3132 quae
1475 3087 1714 3133 perfectiones
1735 3089 1819 3124 sunt
1839 3086 1921 3121 aliis
1941 3084 2207 3133 eompatibiles,

1156 3154 1229 3179 non
1257 3144 1482 3180 omittentur.
1542 3145 1589 3182 Et
1616 3147 1700 3183 talis
1727 3150 1781 3182 est
1806 3143 1977 3190 perfectio
1997 3142 2208 3180 harmoniae

1157 3202 1444 3249 praestabilitae,
1465 3213 1558 3250 quae
1578 3205 1688 3241 etiam
1710 3203 1882 3241 alioribus
1902 3201 2103 3237 rationibus
2123 3202 2208 3238 niti-

1157 3264 1224 3296 tur.
1286 3262 1475 3298 Caeterum
1503 3263 1581 3309 ipsa
1608 3264 1778 3309 cujusque
1805 3259 1971 3296 monadis
2004 3260 2134 3298 relatio
2155 3262 2206 3296 fa-

1735 3320 1785 3354 94
