2361 3643
887 70 1405 109 PRAEEATIO.
2149 73 2244 110 XXI

74 165 171 224 quid
201 179 283 208 non
314 164 375 216 sit,
406 169 546 205 tamen
576 162 679 205 hacc
709 162 797 219 ipsa
829 160 1119 203 connnentatio
1152 158 1324 200 dubitari
1355 176 1437 202 non
1468 165 1604 217 potest
1636 174 1687 202 an
1708 157 1989 218 philosophica
2021 161 2082 202 sit.
2129 159 2241 204 Nam

74 241 196 284 cardo
229 242 354 283 totius
385 240 509 298 hujus
539 238 662 282 libelli
691 243 879 280 versatur
908 238 948 278 in
980 251 1027 277 ca
1060 235 1310 277 substantiae
1341 238 1521 288 notione,
1554 251 1647 294 qua,
1679 251 1776 279 cum
1807 237 1958 295 cuique
1989 236 2240 280 substantiae

74 333 172 360 vera
204 319 308 360 actio
341 317 615 368 adscribatur,
654 314 857 372 Spinozae
889 310 1189 371 philosophiam
1220 312 1326 354 vinci
1365 319 1402 354 ct
1433 312 1552 371 plane
1585 314 1713 356 everti
1745 314 1985 370 saepissime
2015 313 2240 356 Leibnitius

74 392 148 435 sibi
179 392 417 451 gratulatur.
480 394 542 435 (Τ.
575 392 650 450 Ep.
682 405 766 447 seq.

160 469 223 511 LI.
256 469 496 526 Epistola
520 468 578 510 de
599 466 754 510 rebus
777 463 1158 524 philosophicis
1187 461 1246 506 ad
1267 461 1409 505 Fred.
1432 463 1815 517 Hoffmannum,
1838 479 1944 507 anno
1966 464 2239 509 MDCXCIX

75 546 317 602 conscripta,
347 547 387 587 in
418 544 653 587 Hoffmanni
684 558 777 602 opp.
810 544 988 600 primum
1018 541 1200 599 vulgata,
1229 538 1323 582 inde
1353 538 1548 581 Dutensii
1578 540 1744 583 editioni
1772 543 1923 583 inserta
1953 557 1992 599 p.
2026 543 2123 585 5260.

192 621 271 664 LII.
308 622 544 664 Historia
584 626 632 663 et
672 618 1048 662 commendatio
1088 616 1296 675 linguae
1328 615 1730 669 charactericae,
1762 619 2056 661 commentatio
2097 634 2121 662 a
2153 618 2241 663 Ra-

77 699 164 755 spio
195 698 374 755 primum
407 697 512 739 edita
544 695 582 749 (l.
615 710 648 738 c.
680 710 719 753 p.
750 697 879 743 533).
920 693 1129 736 Miraberis
1159 695 1294 736 forsan
1327 692 1437 750 quod
1467 691 1574 734 hanc
1604 692 1931 736 dissertationem
1965 709 1987 736 a
2019 696 2164 738 ceteris
2195 711 2240 739 e-

71 773 237 831 jusdem
268 773 499 832 argumenti
530 770 625 826 (No.
660 770 931 818 §il—XXII)
964 771 1252 829 separaverim.
1315 769 1547 812 Suaserunt
1577 768 1637 820 id,
1676 776 1840 827 praeter
1870 769 1971 812 illud
2010 771 2119 828 quod
2154 775 2241 831 jam

75 851 183 908 typis
214 848 379 909 vulgata
409 855 514 901 erat,
547 855 657 891 certa
687 847 834 890 indicia
866 847 1011 906 quibus
1043 847 1300 906 provectiore
1341 852 1475 888 aetate
1516 861 1608 887 eam
1640 847 1916 903 conscriptam
1949 863 2039 889 esse
2069 850 2155 891 veri
2185 850 2240 891 si-

79 925 174 968 mile
206 926 303 968 mihi
342 927 476 968 visum
509 932 581 968 est.
643 924 872 982 Praecipue
901 924 1100 966 rationem
1133 922 1222 965 dico
1256 937 1338 981 qua
1369 921 1665 964 dissertationis
1696 937 1796 965 suae
1829 921 1879 965 de
1912 929 1998 965 arte
2029 924 2241 969 combina-

77 1003 179 1045 toria
210 1005 462 1045 mentionem
492 1004 597 1044 facit.

194 1078 290 1121 LIII.
329 1079 612 1137 Preceptes
649 1092 781 1135 pour
812 1091 1032 1119 avanccr
1068 1075 1144 1117 les
1175 1077 1431 1127 scienceS,
1470 1073 1774 1134 autographum
1805 1074 2108 1118 Leibnitianum
2138 1093 2242 1120 non-

78 1154 177 1196 dum
207 1154 341 1198 adhuc
371 1156 537 1198 editum.
601 1155 743 1210 Quum
781 1169 803 1195 e
840 1152 1050 1194 literarum
1087 1150 1216 1209 figura
1257 1152 1400 1209 conjici
1439 1158 1564 1209 queat
1603 1151 1709 1194 hanc
1749 1151 2076 1195 dissertationem
2114 1156 2244 1197 serius

77 1232 351 1288 conscriptam
384 1248 474 1274 esse
507 1247 633 1289 quam
674 1246 776 1289 quas
806 1245 929 1288 supra
961 1228 1053 1282 (No.
1084 1226 1350 1282 >il—XXII)
1384 1228 1622 1278 citavimuS,
1666 1226 1717 1270 ob
1758 1230 1990 1286 argumenti
2031 1232 2242 1288 cognatio·

77 1320 175 1347 nem
206 1322 298 1348 eam
328 1308 432 1349 inter
464 1322 534 1349 cas
566 1306 859 1350 collocavimus
899 1320 1005 1362 quae
1035 1304 1213 1361 Raspius
1246 1302 1386 1355 edidit,
1423 1304 1529 1346 inter
1559 1302 1773 1345 historiam
1805 1304 1929 1346 modo
1960 1304 2172 1349 laudatam
2204 1315 2243 1351 ct

79 1386 298 1422 tractatum
338 1381 671 1440 subsequentem.

191 1455 295 1499 LIV.
332 1457 586 1499 Discours
625 1456 876 1500 touchant
914 1455 961 1497 la
1002 1453 1236 1496 methodo
1276 1453 1335 1497 dc
1373 1453 1420 1496 la
1460 1453 1729 1498 certitudo.
1802 1457 1939 1511 Quam
1980 1459 2245 1517 scriptionem

76 1545 100 1572 a
120 1530 272 1591 Raspio
303 1533 455 1576 editam
487 1550 535 1577 eo
567 1541 754 1592 tempore
785 1532 1060 1589 conscriptam
1091 1545 1182 1572 esse
1214 1546 1296 1589 quo
1327 1532 1369 1573 in
1400 1531 1507 1589 regis
1537 1530 1760 1573 Borussiae
1791 1534 2131 1579 consuettulinem
2162 1538 2243 1595 pri-

74 1622 192 1650 mum
221 1612 387 1662 venerit,
419 1626 470 1652 ex
499 1611 546 1652 iis
579 1626 685 1669 quae
716 1610 897 1652 continet
926 1614 1049 1667 patet.

192 1685 278 1729 LV.
318 1686 393 1728 De
423 1685 468 1728 la
501 1687 921 1730 demonstration
953 1684 1296 1726 Cartesiennc
1337 1683 1396 1725 de
1427 1682 1736 1726 l'existence
1768 1683 1824 1726 dc
1856 1683 1992 1728 Dieu
2025 1685 2086 1728 du
2116 1687 2166 1730 R.
2198 1688 2245 1732 P.

74 1760 223 1803 Lami.
273 1762 331 1805 llli
361 1764 437 1822 ipsi
468 1762 579 1821 quod
610 1770 730 1806 antea
757 1765 842 1821 jam
872 1762 1124 1821 perspexerit
1155 1762 1216 1813 (cf.
1247 1759 1326 1802 No.
1349 1760 1465 1815 VIII.)
1500 1762 1596 1802 vitio
1629 1762 1863 1818 argumenti
1895 1762 2117 1821 ontologici
2140 1764 2244 1808 Car-

78 1839 221 1880 tesiani
251 1840 405 1882 mederi
437 1847 609 1882 conatur
647 1838 725 1881 hac
757 1839 1126 1890 commentatione,
1162 1838 1203 1879 in
1243 1838 1452 1879 memoriis
1485 1836 1752 1879 Trivultianis
1793 1853 1900 1880 anno
1942 1837 2127 1883 MDCCI
2163 1843 2245 1900 pri-

74 1929 192 1956 mum
223 1916 340 1957 edita.
402 1914 554 1957 Nescio
594 1931 646 1958 an
677 1915 756 1958 hoc
792 1923 977 1974 tempore
1008 1914 1209 1956 Lcibnitio
1240 1920 1386 1955 notum
1417 1915 1537 1956 fuerit
1569 1929 1672 1972 opus
1704 1913 1968 1957 Cudworthi:
2034 1915 2126 1960 The
2154 1925 2247 1963 true

73 1990 325 2034 intellectual
357 1999 513 2049 system
547 1994 588 2034 of
615 1992 685 2034 the
716 1994 907 2035 universe
940 1998 1014 2034 etc.
1047 1990 1175 2033 Lond.
1200 1992 1324 2033 1678.
1357 1988 1456 2041 Fol,
1488 1989 1566 2031 hoc
1597 1996 1709 2032 certe
1740 1992 1836 2041 scio,
1866 1992 1906 2033 in
1936 1990 2016 2034 hoc
2039 1993 2245 2039 (sudu-01·-

74 2065 131 2108 thi
163 2084 284 2126 opere
315 2084 352 2126 p.
375 2069 459 2110 ‘725
493 2075 787 2126 argumentum
819 2068 897 2127 legi
927 2070 1010 2110 fere
1044 2067 1095 2109 ad
1126 2066 1298 2109 verbum
1329 2081 1425 2107 cum
1446 2065 1701 2108 Leibnitiano
1734 2081 1967 2124 congruens
1999 2071 2060 2123 (cf.
2082 2079 2247 2116 nostrae

73 2142 279 2186 Historiae
308 2144 544 2186 recentioris
576 2143 857 2203 philosophiae
888 2144 934 2186 P.
964 2144 990 2186 Ι.
1024 2143 1143 2186 Tom.
1166 2142 1209 2184 II.
1241 2159 1277 2201 p.
1301 2144 1413 2196 914).
1474 2140 1646 2200 Legitur
1675 2140 1779 2185 haec
1811 2147 2105 2189 commentatio
2138 2149 2246 2208 apud

74 2218 328 2261 Dutensium
368 2220 392 2261 l.
426 2236 459 2262 c.
492 2223 587 2263 ⁸254.

191 2295 296 2338 LYI.
340 2297 776 2340 Considerations
817 2312 900 2339 sur
937 2296 983 2338 la
1024 2295 1257 2338 doctrine
1299 2294 1409 2337 d'un
1450 2296 1610 2354 esprit
1650 2295 1926 2338 universel.
1988 2296 2079 2340 Hae
2110 2301 2244 2343 consi-

71 2372 302 2416 derationes
342 2372 526 2416 nondum
567 2373 701 2416 adhuc
737 2373 890 2425 editae,
941 2390 962 2415 a
995 2372 1182 2415 Leibnitii
1212 2373 1337 2430 ipsius
1369 2387 1497 2414 manu
1529 2373 1785 2430 conscriptae
1816 2371 2064 2417 Hanoverae
2101 2376 2142 2417 in
2173 2377 2245 2420 Bi-

72 2447 273 2491 bliotheca
303 2450 433 2508 Regia
473 2456 746 2492 asservantur.
811 2450 969 2504 Quibus
1007 2451 1092 2508 ipse
1123 2448 1346 2490 Leibnitius
1387 2448 1498 2491 hunc
1530 2448 1695 2490 titulum
1733 2450 1990 2506 praeposuit,
2029 2458 2153 2509 atque
2182 2455 2244 2496 in—

75 2525 245 2581 scripsit,
275 2541 346 2567 eas
375 2543 482 2569 anno
515 2526 775 2579 MDCCCH,
807 2526 1040 2583 Luzeburgi
1080 2525 1216 2580 (hodie
1250 2524 1612 2582 Charlottenburg)
1646 2531 1833 2566 exaratas
1866 2541 1966 2569 esse.

191 2600 314 2643 LVII.
345 2602 1072 2661 Repliqueaux1·eflexi011S‚
1112 2608 1396 2644 contcnues
1437 2601 1563 2644 dans
1602 2600 1650 2643 la
1690 2600 1918 2644 seconde
1951 2601 2150 2646 edition
2183 2604 2244 2648 du

74 2677 422 2719 dictionnaire
466 2680 690 2737 critique
737 2678 793 2722 de
831 2679 911 2721 Mr.
950 2678 1134 2735 Bayle,
1181 2677 1363 2720 article
1393 2677 1645 2719 Rorarius
1693 2692 1781 2719 sur
1824 2677 1870 2719 lc
1915 2681 2142 2736 systeme
2188 2682 2246 2724 dc

75 2754 376 2797 l'harmonie
412 2755 711 2812 pree'tablie.
775 2755 894 2809 Quae
935 2755 1146 2812 responsio
1188 2752 1239 2794 ad
1269 2753 1402 2809 Baylii
1443 2754 1691 2811 objectiones
1733 2754 1912 2811 primum
1945 2754 2051 2796 edita
2084 2764 2143 2798 est
2182 2758 2242 2800 in:

78 2831 283 2874 »Histoire
313 2832 484 2888 critique
516 2830 566 2871 de
596 2829 636 2871 la
665 2830 904 2889 republique
937 2830 1008 2872 des
1036 2830 1212 2880 lettreS,«
1248 2827 1426 2886 indeque
1458 2844 1480 2871 a
1511 2828 1717 2871 Dutensio
1749 2829 1788 2883 (l.
1812 2844 1845 2870 c.
1868 2846 1904 2887 p.
1928 2833 1998 2878 80)
2029 2832 2069 2872 in
2101 2830 2241 2874 editio-

74 2923 169 2950 nem
201 2923 319 2949 suam
349 2912 523 2964 recepta.
587 2905 725 2959 Quam
757 2922 863 2947 anno
897 2904 1098 2946 MDCCH
1127 2906 1231 2946 inter
1262 2921 1428 2947 menses
1460 2905 1553 2963 Maj.
1587 2913 1627 2948 et
1658 2906 1764 2963 Aug.
1799 2907 2069 2964 conscriptam
2101 2922 2190 2950 esse
2222 2925 2244 2951 c

73 2985 322 3025 commercio
355 2982 562 3041 epistolico
593 2979 783 3024 Leibnitii
813 2997 908 3023 cum
940 2980 1189 3023 Bcrnouilh'o
1223 2980 1360 3035 (Laus.
1394 2988 1433 3024 et
1466 2981 1620 3024 Gcnev.
1655 2983 1781 3024 1745.
1814 2997 1850 3038 p.
1877 2984 1928 3024 77
1962 2989 2002 3022 ct
2019 2981 2087 3036 85)
2119 2991 2244 3041 patet,

76 3060 226 3117 quippe
257 3060 323 3101 cui
354 3066 494 3101 noster
526 3059 561 3100 d.
596 3062 662 3101 ⁶29.
694 3057 787 3116 Maj.
823 3061 933 3100 1702
965 3058 1182 3116 scripserat
1213 3073 1258 3099 se
1288 3059 1329 3100 in
1364 3073 1411 3100 eo
1445 3074 1536 3100 esse
1568 3064 1613 3099 ut
1644 3057 1928 3116 responderet,
1961 3063 2000 3097 et
2031 3072 2127 3100 cum
2160 3076 2242 3119 quo

75 3134 111 3177 d.
145 3138 211 3178 19.
242 3135 344 3193 Aug.
376 3137 687 3193 responsionem
726 3134 832 3176 hanc
865 3134 1194 3176 communicavit.

192 3210 331 3253 L‘thl.
362 3211 540 3254 Lettre
579 3212 602 3253 a
635 3210 716 3253 Mr.
748 3209 931 3266 Bayle3
972 3225 1097 3267 quam
1127 3210 1160 3253 F
1165 3209 1312 3253 ederus
1343 3211 1499 3269 primus
1540 3209 1663 3252 edidit
1693 3207 1905 3267 epistolam
1945 3207 2092 3253 eodem
2123 3212 2239 3255 circi-

75 3294 134 3330 ter
165 3294 348 3346 tempore
378 3295 501 3347 atque
532 3287 655 3330 modo
684 3286 892 3330 laudatam
922 3287 1231 3346 responsionem
1263 3286 1414 3331 editam
1444 3303 1546 3340 esse,
1578 3288 1706 3346 prima
1736 3284 1858 3342 hujus
1890 3284 2084 3342 epistolae
2117 3289 2241 3332 verba
