2361 3643
670 125 799 163 XCVI.
860 126 930 163 AD
960 126 1050 163 DES
1080 126 1244 163 BOSSFS
1274 126 1507 165 EPISTOLA
1537 127 1686 165 XXIX.
2146 126 2231 173 739

75 224 154 264 ipsa
180 217 474 256 Theodicaea
509 218 628 255 locum
663 219 786 255 notavi
816 219 854 255 P.
885 219 1124 256 Francisci
1180 219 1306 255 sistere
1333 219 1372 255 in
1399 220 1530 256 inertia
1558 219 1735 268 naturali,
1775 219 1977 257 formaliter
2003 220 2233 259 inextensum

74 267 240 316 Suarez
261 277 306 313 de
328 277 554 313 orationibus
574 278 786 324 beatorum,
809 288 898 323 quas
923 287 1124 314 successum
1180 288 1267 312 esse..
1327 278 1410 314 Jam
1432 282 1471 314 ut
1491 278 1603 314 virtus
1623 279 1741 314 activa
1769 289 1843 314 non
1863 281 1918 314 est
1939 279 2161 315 modificatio
2180 281 2232 316 rei

73 337 205 373 habere
225 338 328 382 putat
349 346 413 381 per
433 336 660 371 harmoniam
681 335 978 382 praestabilitam.
1154 370 1156 375 ,
1181 336 1363 382 passivae3
1396 336 1448 371 ita
1468 337 1634 372 extensio
1665 347 1739 372 non
1766 337 1835 372 erit
1857 337 2075 374 modificatio
2094 338 2148 373 rei
2169 350 2239 386 per„

131 394 294 440 Expecto
314 393 361 429 ab
382 394 466 429 aula
487 398 610 429 nostra
630 394 858 439 facultatem,
881 404 1040 429 mensem
1061 393 1124 428 Ju·
1154 382 1156 393 ¹
1181 404 1218 428 sc
1239 394 1459 429 inextensae.
1521 395 1599 430 Hoc
1626 398 1876 438 argumentum
1903 406 1925 431 a
1952 396 2061 431 simili
2082 396 2139 432 hic
2159 407 2232 434 non

72 452 173 487 nium
201 451 531 497 hagiographorum
559 451 877 498 Antverpicnsium
913 448 992 500 (qui
1019 451 1125 487 nobis
1154 482 1156 496 ,
1182 451 1251 487 nisi
1285 452 1331 487 ad
1368 452 1718 487 verisimilitudinem
1742 453 1860 489 valere
1890 453 1967 500 ipse
1997 454 2092 490 haud
2124 454 2233 492 dubie

73 510 189 546 adhue
210 506 326 559 deest)
350 509 572 555 redimendi,
602 509 699 554 quod
720 509 870 545 Colonia
892 510 1029 556 optime
1049 509 1125 544 fieri
1154 509 1156 587 j
1183 509 1357 555 agnoscis.
1417 510 1629 553 Videamus,
1665 521 1713 545 an
1747 511 1868 557 aliqua
1899 512 2012 548 subsit
2041 513 2232 549 sufficiens.

1183 569 1238 603 Ac
1259 568 1416 614 primum
1435 565 1698 614 comparationi
1719 568 1828 612 objici
1849 580 1952 615 posse
1971 570 2132 616 videtur3
2164 571 2233 607 vir-

73 579 199 615 posse,
242 569 318 603 fixo
347 569 482 615 pretio,
518 567 607 602 mihi
633 567 834 613 Antverpia
864 579 928 614 per
970 567 1126 603 amicum
1153 589 1156 622 ὲ

1183 629 1296 661 tutem
1327 625 1482 660 activam
1513 637 1589 660 esse
1617 636 1751 661 novam
1777 628 2053 674 perfectionem,
2085 630 2147 665 sed
2169 640 2232 665 ex-

73 626 312 671 significatum
340 629 406 661 est.
465 625 566 660 Tunc
593 625 705 660 ctiam
732 626 939 661 Juventium
970 630 1125 662 vestrum

1182 683 1318 729 tensio,
1349 695 1411 719 seu
1431 684 1564 729 positio
1585 685 1743 730 partium
1765 688 1869 720 extra
1890 690 2007 732 partes
2028 688 2146 733 potius
2166 688 2233 723 im-

73 685 195 720 afferri
215 687 356 723 curato,
384 683 485 728 cujus
515 683 685 718 dictionis
713 684 886 730 elegantis
914 685 986 720 alia
1015 684 1127 730 speci·
1153 710 1156 753 1

76 742 176 777 mina
206 742 293 778 vidi.
335 741 408 777 Ubi
435 752 531 776 nunc
558 741 684 788 degat,
714 752 826 777 nosse
857 743 974 777 velim.
1018 743 1126 778 Recte
1154 757 1155 771 1
1183 742 1355 789 perfectio
1376 746 1447 787 est,
1469 753 1551 777 cum
1571 743 1679 778 faciat
1694 753 1770 778 rem
1787 742 1984 780 obnoxiam
2000 745 2233 781 destructioni

1184 800 1350 835 naturali.

0 2666 175 2701 —srum‚
199 2665 272 2690 non
293 2655 430 2701 aliquid
450 2656 667 2691 absolutum.

74 800 193 847 faciet,
216 800 247 835 si
268 798 366 846 quod
386 799 488 846 operi
504 799 622 840 deest,
643 800 690 835 ab
715 800 820 835 initio
837 801 1026 836 Societatis
1042 811 1127 847 sup·
1154 800 1155 804 ’

73 859 182 904 pleat.
211 859 325 904 Spero
343 861 378 892 et
392 857 699 893 continuationem
716 858 959 894 Bibliothecae
975 862 1124 906 vestrae,

73 916 233 962 Romae,
274 919 422 951 curante
458 916 675 951 Bonanno
711 916 854 952 tandem
890 917 1124 964 prodituram.
1154 945 1155 948 η

73 973 249 1020 Optarem
277 974 436 1009 indicem
465 974 624 1009 nancisci
654 978 856 1010 vestrorum
885 986 976 1010 nunc
1004 976 1126 1011 viven-

73 1031 176 1078 tium,
194 1032 256 1078 qui
273 1032 415 1079 scriptis
431 1032 539 1068 editis
555 1036 760 1069 noscuntur.
783 1033 942 1069 Theod
954 1034 1125 1069 icaeam

71 1089 239 1125 Latinam
259 1090 366 1126 credo
387 1091 583 1137 gratiorem
604 1091 677 1126 illic
698 1092 794 1136 fore,
818 1091 879 1126 ubi
900 1092 1021 1127 minor
1040 1103 1125 1127 usus

72 1151 127 1182 est.
147 1148 277 1183 Gallici
297 1149 494 1194 sermonis,
525 1150 621 1184 velut
643 1149 679 1184 in
703 1149 820 1184 media
842 1150 1057 1193 Germania,
1088 1150 1125 1185 in

73 1205 189 1252 ltalia,
210 1210 318 1253 atque
337 1207 448 1242 etiam
468 1206 564 1253 apud
586 1208 733 1254 Ang10s‚
756 1218 802 1242 ne
823 1207 910 1254 quid
931 1208 976 1243 de
996 1208 1126 1255 Hispa-

73 1263 129 1298 nis
149 1264 276 1300 dicam.

132 1322 215 1358 Fuit
234 1322 330 1369 apud
352 1333 410 1358 me
430 1313 565 1359 aestate
585 1324 754 1370 proxima
769 1323 947 1359 Dominus
970 1325 1126 1360 Gerar-

74 1379 158 1415 dus
179 1381 424 1416 Cornelius
445 1391 532 1416 van
552 1382 633 1417 den
656 1382 842 1427 Driscl1·3
871 1382 933 1428 qui
954 1394 975 1418 a
997 1383 1126 1418 notitia

73 1440 135 1472 tua
156 1438 323 1484 inprimis
354 1441 407 1482 (et
428 1450 514 1474 sane
536 1440 684 1483 merito)
714 1440 958 1486 gloriabatur,
987 1442 1127 1487 aliquo-

73 1495 142 1530 ties
160 1497 207 1531 ad
228 1506 286 1531 me
306 1496 446 1531 litteras
466 1497 582 1532 dedit:
607 1498 734 1532 melius
750 1509 832 1533 eum
855 1510 959 1533 nosse
980 1510 1053 1534 non
1074 1500 1126 1533 in-

73 1558 215 1598 gratum
244 1555 349 1589 foret.

69 1611 241 1656 juvenem
276 1612 433 1658 aliquem
469 1612 630 1647 nobilem
661 1613 868 1658 explicandi
899 1613 1001 1649 dotes
1032 1625 1126 1649 suas,

72 1671 179 1711 Quod
201 1674 375 1717 superest,
397 1671 476 1706 vale
497 1674 533 1706 et
556 1672 648 1715 save,
679 1675 715 1706 et
735 1682 870 1706 annum
891 1682 1025 1706 novum
1046 1683 1128 1707 cum

73 1728 155 1762 aliis
175 1729 298 1763 multis
327 1728 440 1765 laetus
459 1739 536 1774 age.
578 1728 721 1765 Dabam
742 1730 958 1765 Hanoverae
984 1730 1047 1765 13.
1069 1731 1129 1766 Ja-

73 1786 192 1822 nuarii
218 1786 235 1822 l
248 1786 342 1822 716.

667 1845 919 1881 Deditissimus

541 1903 585 1937 G.
625 1903 668 1938 G.
707 1904 1048 1940 Leibnitius.

135 2019 174 2054 P.
191 2019 226 2054 S.
257 2017 508 2064 philosophica
525 2019 694 2064 peculiari
712 2019 839 2054 scheda
859 2019 1048 2065 complecti
1070 2030 1130 2054 vo·

76 2077 147 2121 lui3
190 2087 230 2111 ac
258 2076 416 2123 primum
449 2079 564 2111 testor
595 2087 652 2110 me
680 2088 755 2111 rem
785 2077 885 2122 quasi
918 2077 962 2111 de
990 2078 1131 2121 integro

75 2135 332 2180 considerasse,
355 2135 533 2180 sepositis,
557 2139 730 2181 quantum
746 2135 876 2181 liceret,
899 2134 1131 2180 praeiudiciis

76 2194 127 2228 ita
149 2196 211 2227 tua
227 2192 305 2235 jam
327 2193 517 2238 perlustro.

132 2251 223 2285 Cum
245 2251 326 2285 dico
348 2251 538 2285 materiam
561 2262 636 2285 esse
656 2249 932 2297 indifferentem,
969 2251 1131 2295 intelligo
1160 2253 1161 2270 ³

75 2309 172 2355 quod
194 2309 232 2343 in
253 2320 293 2343 ca
315 2320 405 2354 pure
425 2309 607 2354 passivum
629 2312 695 2343 est.
733 2309 887 2353 Ele-gans
908 2312 961 2343 cst
983 2312 1044 2344 tua
1065 2310 1130 2345 ob-
1160 2310 1161 2315 ’

71 2366 183 2410 jectio
203 2367 296 2401 cirea
316 2367 597 2401 indifferentiam
619 2368 811 2413 temporis,
842 2377 934 2412 quae
964 2368 1060 2402 enim
1081 2368 1131 2403 sic

75 2425 170 2460 ratio
198 2424 363 2470 dabitur,
405 2435 469 2459 cur
497 2425 652 2459 mundus
679 2428 763 2460 tunc
792 2426 949 2472 primum
977 2430 1128 2461 creatur.

77 2484 154 2526 Ego
176 2484 290 2517 fateor
312 2482 449 2517 nullam
470 2493 566 2529 esse,
597 2482 659 2517 sed
689 2484 888 2530 respondeo
914 2483 1024 2518 etiam
1053 2485 1129 2518 nul-

77 2542 151 2576 lum
173 2550 249 2573 esse
270 2540 366 2574 reale
387 2540 599 2587 discrimen,
620 2551 715 2576 nunc
735 2552 780 2576 an
803 2542 901 2576 mille
921 2544 1004 2576 ante
1025 2543 1129 2577 annis

74 2600 215 2633 creatus
236 2597 407 2643 fingatur,
437 2608 519 2632 cum
541 2602 682 2644 tempus
713 2609 788 2634 non
808 2600 852 2634 sit
873 2599 944 2634 nisi
965 2600 1055 2635 ordo
1077 2612 1129 2635 re-

729 2657 849 2702 Atque
869 2657 965 2696 idem
986 2657 1029 2692 de
1050 2669 1128 2704 spa-

75 2715 128 2749 tio
151 2724 289 2748 censeo.
353 2713 488 2748 Eadem
508 2717 608 2759 sunt,
636 2724 790 2759 quorum
812 2714 1003 2749 discrimen
1025 2727 1048 2750 a
1067 2726 1128 2751 ne-

75 2772 185 2817 mine,
208 2782 251 2805 ne
271 2771 318 2806 ab
339 2771 514 2806 omniscio
535 2772 692 2816 quidem,
714 2772 890 2818 assignari
911 2776 1041 2819 potest.

135 2829 219 2864 Non
239 2829 331 2864 bene
352 2828 520 2874 memini,
551 2839 622 2874 quo
650 2834 863 2873 argumento
892 2841 977 2865 usus
1001 2831 1069 2867 sim
1090 2831 1129 2866 in

77 2887 257 2934 Epistola,
289 2887 416 2921 Diario
437 2886 576 2921 Gallico
598 2888 640 2921 A.
664 2888 707 2922 D.
735 2888 858 2923 1691.
879 2888 1034 2935 inserta,
1062 2900 1129 2935 pro

77 2945 294 2980 stabiliendo
309 2943 513 2979 discrimine
529 2944 770 2992 Extensionis,
787 2949 822 2980 et
837 2946 1028 2993 materiae,
1050 2958 1129 2982 eae·
1156 2962 1157 2967 ¹

77 2997 196 3038 terum
223 3014 243 3038 e,
254 3013 278 3037 x
287 3006 300 3037 t
310 3014 329 3038 e
338 3013 361 3037 n
372 3002 438 3037 sio
448 3013 470 3037 n
481 3013 500 3037 e
510 3013 548 3037 m
575 3003 738 3049 concipio
759 3007 799 3038 ut
819 3003 984 3039 ordinem
1009 3005 1129 3040 coe-xi-

79 3117 297 3164 explicatur,
327 3129 390 3153 seu
416 3118 702 3165 magnitudinem
723 3119 804 3154 viae
826 3118 1061 3156 brevissimae
1080 3120 1128 3155 ab

79 3184 152 3209 uno
178 3175 389 3213 distantium
415 3177 462 3212 ad
489 3176 598 3211 aliud.
659 3176 809 3217 Quaeris
844 3177 972 3212 deinde
1006 3182 1128 3213 utrum

79 3233 244 3268 extensio
265 3233 312 3269 sit
331 3235 460 3270 modus
480 3234 655 3281 corporiS,
676 3245 723 3269 an
743 3234 877 3280 aliquid
898 3234 1104 3271 absolutum
1114 3236 1128 3270 ’ἓ

79 3290 124 3325 Et
152 3291 332 3337 posterius
358 3293 428 3328 tibi
457 3293 571 3337 magis
592 3292 719 3338 placet.
780 3292 873 3328 Nam
895 3303 1024 3339 corpus
1045 3304 1129 3329 con-

1184 1207 1314 1253 exigit,
1346 1217 1454 1253 quam
1483 1208 1537 1242 sui
1566 1208 1861 1243 modificationes.

1158 1253 1160 1311 {
1184 1266 1300 1301 tensio
1320 1265 1408 1300 nihil
1431 1266 1530 1300 aliud
1551 1268 1625 1312 est,
1648 1276 1756 1312 quam
1778 1266 1888 1311 ordo,
1912 1266 2106 1301 secundum
2127 1276 2235 1312 quem

1160 2005 1161 2011 1
1187 1963 1437 2009 phaenomena
1468 1976 1543 1999 esse
1571 1969 1676 2000 extra
1705 1966 1959 2001 substantiam.

1400 800 1538 835 Deinde
1560 800 1726 848 materia,
1754 812 1814 836 seu
1837 802 2033 849 passivum,
2062 815 2136 839 non
2156 804 2233 839 exi-

1183 858 1234 905 git
1253 859 1424 894 virtutem
1445 859 1619 905 activam,
1650 859 1701 894 ita
1721 862 1761 894 ut
1782 861 1935 895 materia
1964 862 2175 897 naturaliter
2194 862 2233 897 in

1183 917 1353 952 virtutem
1380 917 1537 952 activam
1557 921 1790 965 prorumpat,
1820 918 1889 953 nisi
1917 919 2092 955 miraculo
2120 920 2234 966 impe·

1182 974 1310 1010 diatur.
1372 976 1440 1011 Sed
1462 976 1544 1010 talis
1565 978 1620 1011 est
1641 976 1812 1021 materia,
1840 980 1879 1011 ut
1899 977 2111 1013 naturaliter
2130 978 2234 1013 habi-

1183 1035 1263 1068 tura
1283 1034 1329 1068 sit
1349 1034 1615 1080 extensionem,
1644 1034 1715 1068 nisi
1743 1034 1960 1080 impediatur
1989 1046 2052 1081 per
2071 1035 2235 1072 divinam

1183 1091 1491 1138 omnipotentiam.
1553 1091 1657 1127 Unde
1696 1091 1805 1126 etiam
1839 1093 2045 1128 confirmari
2080 1094 2235 1140 videtur,

1184 1160 1261 1184 esse
1297 1149 1621 1195 modificationem,
1658 1160 1744 1185 nam
1778 1150 1868 1185 nihil
1904 1151 2001 1186 aliud
2033 1151 2236 1186 substantia

1922 1208 2086 1254 Denique
2113 1209 2143 1243 si
2173 1219 2236 1244 ex-

1183 1326 1306 1370 partes
1332 1326 1415 1358 sunt
1436 1326 1539 1359 extra
1561 1328 1699 1370 partes,
1733 1325 1895 1370 profecto
1922 1324 2010 1359 nihil
2039 1324 2137 1360 aliud
2167 1327 2234 1370 est,

1156 1414 1157 1427 ¹
1183 1392 1292 1428 quam
1314 1381 1531 1418 modificatio
1553 1382 1738 1418 materiae.
1770 1382 2030 1418 Extensionem
2049 1383 2235 1429 concipere

1156 1431 1157 1491 ζ
1183 1444 1221 1475 111
1242 1440 1450 1475 absolutum
1470 1451 1516 1475 ex
1537 1451 1580 1476 eo
1602 1441 1701 1476 fonte
1715 1440 1842 1486 oritur,
1865 1440 1962 1486 quod
1978 1441 2134 1487 spatium
2150 1448 2235 1476 con-

1156 1543 1157 1549 ,
1183 1498 1334 1545 cipimus
1363 1509 1428 1544 per
1455 1498 1603 1534 modum
1633 1499 1876 1544 substantiae,
1906 1508 1987 1533 cum
2017 1509 2092 1534 non
2120 1499 2236 1545 magis

404 1555 543 1589 Vellem
573 1555 652 1590 dari
684 1555 750 1600 ipsi
780 1556 1002 1590 occasionem
1031 1557 1127 1603 apud
1156 1555 1158 1565 ¹

1185 1556 1231 1590 sit
1259 1556 1457 1591 substantia
1487 1567 1594 1602 quam
1624 1560 1779 1603 tempus.
1839 1556 1964 1603 Itaque
1987 1559 2081 1593 recte
2100 1557 2236 1593 schola-

1184 1613 1265 1648 stici
1293 1614 1382 1649 olim
1410 1615 1566 1660 spatium
1597 1615 1675 1650 sine.
1695 1616 1801 1650 rebus
1821 1614 2077 1660 imaginarium
2098 1616 2234 1664 dixere,

1186 1672 1299 1717 qualis
1329 1684 1385 1707 res
1412 1676 1466 1707 est
1495 1684 1665 1709 numerus
1694 1674 1771 1709 sine
1807 1685 1845 1709 re
1875 1679 2072 1711 numerata.
2132 1676 2237 1711 Secus

1186 1730 1379 1766 sentientes
1400 1731 1437 1765 in
1459 1732 1569 1767 miras
1598 1743 1636 1767 se
1655 1732 1827 1768 inducunt
1848 1733 2087 1769 difficultates.
2148 1735 2237 1771 Sub·

1186 1788 1268 1823 latis
1300 1789 1518 1825 monadibus
1553 1801 1698 1826 manere
1732 1792 1981 1826 extensionem
2016 1802 2090 1827 non
2121 1792 2238 1838 magis

1188 1857 1312 1882 verum
1334 1851 1433 1894 puto,
1456 1859 1541 1894 qum
1562 1849 1712 1885 sublatis
1732 1850 1839 1885 rebus
1860 1860 2006 1884 manere
2027 1861 2208 1886 numeros.

1245 1906 1326 1941 Non
1363 1906 1487 1953 video,
1524 1907 1708 1953 quomodo
1745 1907 1885 1954 concipi
1920 1909 2035 1954 possit
2065 1909 2239 1944 realizans

2020 1965 2115 2000 Nam
2145 1966 2240 2001 istud

1190 2021 1365 2054 realizans
1401 2022 1540 2057 efficere
1575 2022 1700 2067 debet,
1736 2026 1775 2057 ut
1810 2022 2011 2057 substantia
2040 2024 2241 2071 composita

1188 2079 1372 2113 contineat
1387 2079 1522 2124 aliquid
1538 2079 1774 2114 substantiale
1790 2083 1932 2124 praeter
1948 2080 2128 2127 monades,
2151 2081 2240 2116 alio·

1158 2180 1160 2182 ι
1189 2137 1248 2182 qui
1267 2136 1364 2170 nulla
1382 2136 1528 2173 dabitur
1544 2137 1747 2172 substantia
1762 2137 1976 2183 composita,
1998 2137 2036 2173 id
2056 2140 2122 2184 est,
2143 2149 2240 2175 00111·

1190 2194 1306 2241 posita
1327 2197 1430 2229 erunt
1452 2205 1550 2230 mera
1571 2195 1837 2242 phaenomena3
1861 2195 1907 2230 Et
1927 2195 1965 2230 in
1980 2195 2052 2232 hoc
2067 2206 2125 2231 me
2140 2208 2240 2243 pror·

1189 2263 1248 2287 sus
1268 2263 1349 2287 cum
1369 2252 1591 2288 scholasticis
1606 2253 1739 2288 sentire
1754 2252 1932 2297 arbitror3
1954 2265 2151 2300 eorumque
2166 2265 2241 2291 ma-

1189 2310 1316 2345 teriam
1339 2311 1506 2356 primam,
1529 2315 1565 2346 et
1581 2313 1737 2346 formam
1754 2311 2040 2358 substantialem,
2062 2313 2240 2359 potentias

1189 2379 1317 2415 nempe
1338 2369 1529 2415 passivam,
1564 2372 1598 2404 et
1619 2369 1786 2415 activam,
1809 2370 2012 2416 primitivas
2034 2371 2239 2418 compositi,

1189 2430 1223 2462 et
1244 2427 1462 2472 completum
1483 2438 1530 2461 ex
1550 2427 1594 2461 iis
1616 2428 1811 2474 resultans,
1840 2439 1965 2463 revera
1986 2427 2144 2466 arbitror
2166 2439 2240 2464 esse

1188 2485 1277 2519 illud
1300 2485 1480 2519 vinculum
1501 2485 1750 2531 substantiale,
1771 2487 1866 2532 quod
1889 2496 2013 2531 urgeo.

1246 2544 1337 2578 Cum
1358 2542 1447 2590 dixi,
1470 2543 1652 2578 vinculum
1672 2544 1907 2580 substantiale
1927 2555 2004 2580 esse
2022 2544 2239 2591 principium

1188 2601 1338 2636 actionis
1354 2602 1559 2648 compositi,
1582 2601 1709 2646 objicis
1724 2602 1857 2648 primo,
1881 2603 2122 2638 substantiam
2142 2613 2237 2638 com-

1188 2660 1343 2706 positam
1379 2659 1486 2694 sitam
1524 2670 1601 2694 esse
1635 2659 1673 2695 in
1708 2660 1924 2698 monadibus
1955 2661 2237 2697 substantialiter

1188 2717 1421 2753 modificatis:
1453 2717 1521 2752 Sed
1542 2718 1609 2753 hoc
1629 2728 1703 2753 non
1722 2719 1896 2765 admitto,
1924 2722 1960 2754 et
1981 2718 2065 2765 quid
2085 2720 2137 2752 est
2158 2727 2235 2751 mo-

1158 2788 1160 2826 g
1187 2775 1298 2811 uades
1319 2775 1603 2811 substantialiter
1634 2776 1855 2813 modificari}
1892 2777 1968 2821 Ego
1997 2778 2117 2822 putem
2146 2773 2234 2808 nihil

1187 2833 1384 2868 modificari
1405 2833 1697 2870 substantialiter.
1739 2835 1785 2870 Et
1813 2836 1974 2881 profecto
2001 2842 2081 2867 cum
2110 2841 2234 2866 verum

1186 2891 1410 2928 substantiae
1430 2891 1604 2927 indicium
1625 2892 1673 2928 sit
1691 2893 1809 2939 actio,
1839 2892 1909 2928 nisi
1936 2892 2011 2937 ipsa
2031 2888 2233 2924 substantia

1185 2949 1403 2995 composita,
1434 2952 1610 2995 quatenus
1630 2951 1832 2997 composita
1851 2954 1920 2995 est,
1949 2947 2040 2993 agit,
2072 2956 2144 2980 non
2163 2945 2232 2980 erit

1156 3003 1159 3061 ’ἦ
1184 3007 1385 3042 substantia
1403 3009 1616 3055 composita,
1636 3009 1699 3045 sed
1714 3019 1852 3045 merum
1871 3007 2155 3052 phaenomenon,
2176 3003 2231 3038 ni-

79 3060 194 3095 stendi
216 3061 374 3107 partium
394 3064 498 3096 extra
518 3064 655 3107 partes,
687 3060 748 3106 qui
777 3072 841 3107 per
869 3061 1129 3098 distantias
1156 3070 1159 3078 ¹

1186 3065 1236 3100 hil
1257 3065 1390 3101 habens
1408 3069 1551 3112 praeter
1572 3067 1763 3112 monades,
1795 3069 1830 3102 et
1850 3063 2069 3106 singularum
2090 3060 2231 3096 modifi-

1184 3123 1363 3168 cationes3
1401 3124 1499 3159 nulla
1527 3125 1682 3161 invicem
1716 3124 1802 3159 reali
1831 3119 2075 3165 connexione,
2114 3128 2231 3165 neque

1156 3214 1159 3237 Ι
1185 3180 1335 3224 Physica
1357 3181 1484 3227 (quam
1500 3182 1635 3218 dudum
1652 3180 1819 3222 excludo)
1840 3188 1954 3223 neque
1969 3176 2229 3223 Metaphysica,

1157 3282 1159 3288 ⁴
1184 3248 1275 3283 quae
1302 3238 1342 3275 fit
1368 3251 1432 3286 per
1451 3240 1632 3276 unionem.

1160 3295 1420 3341 ⁴substantiale
1447 3308 1526 3334 esse
1555 3296 1770 3346 principium
1800 3291 2044 3339 residentiae,
2078 3292 2130 3327 ita
2163 3293 2229 3337 est,

1685 3236 1821 3280 Objicis
1843 3234 2016 3280 secundo,
2048 3234 2230 3269 vinculum
