<?xml version="1.0" encoding="UTF-8"?>
<!DOCTYPE html PUBLIC "-//W3C//DTD XHTML 1.0 Transitional//EN"
    "http://www.w3.org/TR/xhtml1/DTD/xhtml1-transitional.dtd">
<html xmlns="http://www.w3.org/1999/xhtml" xml:lang="en" lang="en">
 <head>
  <title>
</title>
<meta http-equiv="Content-Type" content="text/html;charset=utf-8" />
  <meta name='ocr-system' content='tesseract 3.04.00' />
  <meta name='ocr-capabilities' content='ocr_page ocr_carea ocr_par ocr_line ocrx_word'/>
</head>
<body>
  <div class='ocr_page' id='page_1' title='image "./operaphilosophic00leibuoft_0778.png"; bbox 0 0 2361 3643; ppageno 0'>
   <div class='ocr_carea' id='block_1_1' title="bbox 286 201 2127 261">
    <p class='ocr_par' dir='ltr' id='par_1_1' title="bbox 286 201 2127 261">
     <span class='ocr_line' id='line_1_1' title="bbox 286 201 2127 261; baseline -0.002 -14"><span class='ocrx_word' id='word_1_1' title='bbox 286 210 454 247; x_wconf 85' lang='lat' dir='ltr'>Creatura</span> <span class='ocrx_word' id='word_1_2' title='bbox 483 213 697 254; x_wconf 86' lang='lat' dir='ltr'>permanens</span> <span class='ocrx_word' id='word_1_3' title='bbox 727 201 918 251; x_wconf 86' lang='lat' dir='ltr'>absoluta,</span> <span class='ocrx_word' id='word_1_4' title='bbox 950 211 1114 250; x_wconf 87' lang='lat' dir='ltr'>quaeque</span> <span class='ocrx_word' id='word_1_5' title='bbox 1143 201 1236 241; x_wconf 88' lang='lat' dir='ltr'>adeo</span> <span class='ocrx_word' id='word_1_6' title='bbox 1266 212 1384 252; x_wconf 87' lang='lat' dir='ltr'>neque</span> <span class='ocrx_word' id='word_1_7' title='bbox 1404 208 1458 243; x_wconf 89' lang='lat' dir='ltr'>est</span> <span class='ocrx_word' id='word_1_8' title='bbox 1487 207 1584 245; x_wconf 84' lang='lat' dir='ltr'>aetio</span> <span class='ocrx_word' id='word_1_9' title='bbox 1614 209 1736 256; x_wconf 83' lang='lat' dir='ltr'>passio</span> <span class='ocrx_word' id='word_1_10' title='bbox 1766 221 1883 261; x_wconf 84' lang='lat' dir='ltr'>neque</span> <span class='ocrx_word' id='word_1_11' title='bbox 1911 214 2043 253; x_wconf 77' lang='lat' dir='ltr'>relatio</span> <span class='ocrx_word' id='word_1_12' title='bbox 2073 219 2127 252; x_wconf 64' lang='lat' dir='ltr'>est</span> 
     </span>
    </p>
   </div>
   <div class='ocr_carea' id='block_1_2' title="bbox 1379 378 1966 490">
    <p class='ocr_par' dir='ltr' id='par_1_2' title="bbox 1379 378 1966 490">
     <span class='ocr_line' id='line_1_2' title="bbox 1410 378 1946 434; baseline 0.015 -19"><span class='ocrx_word' id='word_1_13' title='bbox 1410 378 1535 416; x_wconf 89' lang='lat' dir='ltr'>Unum</span> <span class='ocrx_word' id='word_1_14' title='bbox 1556 392 1620 429; x_wconf 90' lang='lat' dir='ltr'>per</span> <span class='ocrx_word' id='word_1_15' title='bbox 1639 384 1946 434; x_wconf 77' lang='lat' dir='ltr'>aggregationem,</span> 
     </span>
     <span class='ocr_line' id='line_1_3' title="bbox 1379 440 1966 490; baseline 0.014 -16"><span class='ocrx_word' id='word_1_16' title='bbox 1379 449 1443 475; x_wconf 90' lang='lat' dir='ltr'>seu</span> <span class='ocrx_word' id='word_1_17' title='bbox 1464 451 1481 475; x_wconf 91' lang='lat' dir='ltr'>s</span> <span class='ocrx_word' id='word_1_18' title='bbox 1491 451 1510 475; x_wconf 89' lang='lat' dir='ltr'>e</span> <span class='ocrx_word' id='word_1_19' title='bbox 1519 440 1606 477; x_wconf 88' lang='lat' dir='ltr'>mie</span> <span class='ocrx_word' id='word_1_20' title='bbox 1617 453 1641 478; x_wconf 89' lang='lat' dir='ltr'>n</span> <span class='ocrx_word' id='word_1_21' title='bbox 1652 454 1669 478; x_wconf 91' lang='lat' dir='ltr'>s</span> <span class='ocrx_word' id='word_1_22' title='bbox 1690 444 1966 490; x_wconf 88' lang='lat' dir='ltr'>phaenomenon</span> 
     </span>
    </p>
   </div>
   <div class='ocr_carea' id='block_1_3' title="bbox 461 341 1065 389">
    <p class='ocr_par' dir='ltr' id='par_1_3' title="bbox 461 341 1065 389">
     <span class='ocr_line' id='line_1_4' title="bbox 461 341 1065 389; baseline -0.002 -10"><span class='ocrx_word' id='word_1_23' title='bbox 461 343 584 379; x_wconf 90' lang='lat' dir='ltr'>Unum</span> <span class='ocrx_word' id='word_1_24' title='bbox 606 352 670 389; x_wconf 89' lang='lat' dir='ltr'>per</span> <span class='ocrx_word' id='word_1_25' title='bbox 692 353 730 377; x_wconf 92' lang='lat' dir='ltr'>se</span> <span class='ocrx_word' id='word_1_26' title='bbox 751 352 812 378; x_wconf 90' lang='lat' dir='ltr'>seu</span> <span class='ocrx_word' id='word_1_27' title='bbox 833 352 896 377; x_wconf 88' lang='lat' dir='ltr'>ens</span> <span class='ocrx_word' id='word_1_28' title='bbox 917 341 1065 389; x_wconf 87' lang='lat' dir='ltr'>plenum</span> 
     </span>
    </p>
   </div>
   <div class='ocr_carea' id='block_1_4' title="bbox 998 435 1176 473">
    <p class='ocr_par' dir='ltr' id='par_1_4' title="bbox 998 435 1176 473">
     <span class='ocr_line' id='line_1_5' title="bbox 998 435 1176 473; baseline 0.017 -3"><span class='ocrx_word' id='word_1_29' title='bbox 998 435 1176 473; x_wconf 83' lang='lat' dir='ltr'>Accidens</span> 
     </span>
    </p>
   </div>
   <div class='ocr_carea' id='block_1_5' title="bbox 974 495 1195 592">
    <p class='ocr_par' dir='ltr' id='par_1_5' title="bbox 974 495 1195 592">
     <span class='ocr_line' id='line_1_6' title="bbox 1056 495 1115 531; baseline 0.051 -3"><span class='ocrx_word' id='word_1_30' title='bbox 1056 495 1115 531; x_wconf 87' lang='lat' dir='ltr'>vel</span> 
     </span>
     <span class='ocr_line' id='line_1_7' title="bbox 974 552 1195 592; baseline 0.009 -3"><span class='ocrx_word' id='word_1_31' title='bbox 974 552 1195 592; x_wconf 88' lang='lat' dir='ltr'>modificatio</span> 
     </span>
    </p>
   </div>
   <div class='ocr_carea' id='block_1_6' title="bbox 512 492 722 530">
    <p class='ocr_par' dir='ltr' id='par_1_6' title="bbox 512 492 722 530">
     <span class='ocr_line' id='line_1_8' title="bbox 512 492 722 530; baseline -0.005 0"><span class='ocrx_word' id='word_1_32' title='bbox 512 492 722 530; x_wconf 86' lang='lat' dir='ltr'><strong>Substantia</strong></span> 
     </span>
    </p>
   </div>
   <div class='ocr_carea' id='block_1_7' title="bbox 1850 554 2082 2508">
    <p class='ocr_par' dir='ltr' id='par_1_7' title="bbox 1850 554 2082 2508">
     <span class='ocr_line' id='line_1_9' title="bbox 2028 1084 2082 2508; textangle 270"><span class='ocrx_word' id='word_1_33' title='bbox 2043 1084 2082 1334; x_wconf 86' lang='lat' dir='ltr'>secundarium</span> <span class='ocrx_word' id='word_1_34' title='bbox 2045 1354 2071 1416; x_wconf 86' lang='lat' dir='ltr'>seu</span> <span class='ocrx_word' id='word_1_35' title='bbox 2033 1439 2082 1624; x_wconf 88' lang='lat' dir='ltr'>physicum</span> <span class='ocrx_word' id='word_1_36' title='bbox 2032 1656 2080 1774; x_wconf 83' lang='lat' dir='ltr'>(cujus</span> <span class='ocrx_word' id='word_1_37' title='bbox 2042 1794 2068 1849; x_wconf 90' lang='lat' dir='ltr'>ra·</span> <span class='ocrx_word' id='word_1_38' title='bbox 2042 1884 2079 2037; x_wconf 88' lang='lat' dir='ltr'>activa</span> <span class='ocrx_word' id='word_1_39' title='bbox 2042 2057 2075 2097; x_wconf 87' lang='lat' dir='ltr'>ut</span> <span class='ocrx_word' id='word_1_40' title='bbox 2028 2117 2078 2226; x_wconf 89' lang='lat' dir='ltr'>calor,</span> <span class='ocrx_word' id='word_1_41' title='bbox 2028 2249 2078 2372; x_wconf 85' lang='lat' dir='ltr'>frigus,</span> <span class='ocrx_word' id='word_1_42' title='bbox 2029 2393 2076 2508; x_wconf 83' lang='lat' dir='ltr'>gravi-</span> 
     </span>
     <span class='ocr_line' id='line_1_10' title="bbox 1970 1113 2021 2230; textangle 270"><span class='ocrx_word' id='word_1_43' title='bbox 1985 1113 2020 1165; x_wconf 89' lang='lat' dir='ltr'>tio</span> <span class='ocrx_word' id='word_1_44' title='bbox 1985 1193 2010 1240; x_wconf 88' lang='lat' dir='ltr'>ex</span> <span class='ocrx_word' id='word_1_45' title='bbox 1985 1267 2021 1511; x_wconf 85' lang='lat' dir='ltr'>mechanismo</span> <span class='ocrx_word' id='word_1_46' title='bbox 1982 1538 2019 1677; x_wconf 85' lang='lat' dir='ltr'>occulto</span> <span class='ocrx_word' id='word_1_47' title='bbox 1971 1700 2019 1847; x_wconf 89' lang='lat' dir='ltr'>pendet)</span> <span class='ocrx_word' id='word_1_48' title='bbox 1970 1912 2016 1979; x_wconf 89' lang='lat' dir='ltr'>tas,</span> <span class='ocrx_word' id='word_1_49' title='bbox 1983 2001 2018 2054; x_wconf 90' lang='lat' dir='ltr'>vis</span> <span class='ocrx_word' id='word_1_50' title='bbox 1982 2074 2019 2230; x_wconf 87' lang='lat' dir='ltr'>elastica.</span> 
     </span>
     <span class='ocr_line' id='line_1_11' title="bbox 1912 1111 1962 1847; textangle 270"><span class='ocrx_word' id='word_1_51' title='bbox 1926 1111 1961 1210; x_wconf 89' lang='lat' dir='ltr'>velut</span> <span class='ocrx_word' id='word_1_52' title='bbox 1926 1229 1962 1391; x_wconf 86' lang='lat' dir='ltr'>accidens</span> <span class='ocrx_word' id='word_1_53' title='bbox 1912 1412 1961 1590; x_wconf 77' lang='lat' dir='ltr'>sensibile,</span> <span class='ocrx_word' id='word_1_54' title='bbox 1912 1612 1959 1723; x_wconf 86' lang='lat' dir='ltr'>color,</span> <span class='ocrx_word' id='word_1_55' title='bbox 1913 1747 1959 1847; x_wconf 91' lang='lat' dir='ltr'>odor,</span> 
     </span>
     <span class='ocr_line' id='line_1_12' title="bbox 1850 554 1904 2507; textangle 270"><span class='ocrx_word' id='word_1_56' title='bbox 1854 554 1904 839; x_wconf 79' lang='lat' dir='ltr'>Semiaccidens‚</span> <span class='ocrx_word' id='word_1_57' title='bbox 1865 871 1892 936; x_wconf 91' lang='lat' dir='ltr'>seu</span> <span class='ocrx_word' id='word_1_58' title='bbox 1855 965 1891 1045; x_wconf 90' lang='lat' dir='ltr'>spe·</span> <span class='ocrx_word' id='word_1_59' title='bbox 1855 1109 1891 1236; x_wconf 72' lang='lat' dir='ltr'>sapor,</span> <span class='ocrx_word' id='word_1_60' title='bbox 1867 1268 1902 1354; x_wconf 86' lang='lat' dir='ltr'>item</span> <span class='ocrx_word' id='word_1_61' title='bbox 1851 1386 1901 1610; x_wconf 80' lang='lat' dir='ltr'>sympathia,</span> <span class='ocrx_word' id='word_1_62' title='bbox 1851 1639 1899 1848; x_wconf 78' lang='lat' dir='ltr'>antipathia.</span> <span class='ocrx_word' id='word_1_63' title='bbox 1854 1884 1902 2069; x_wconf 87' lang='lat' dir='ltr'>passiva</span> <span class='ocrx_word' id='word_1_64' title='bbox 1854 2084 1901 2297; x_wconf 84' lang='lat' dir='ltr'>utfirmitas,</span> <span class='ocrx_word' id='word_1_65' title='bbox 1850 2314 1901 2507; x_wconf 89' lang='lat' dir='ltr'>liquiditas,</span> 
     </span>
    </p>
   </div>
   <div class='ocr_carea' id='block_1_8' title="bbox 1967 2671 2076 3224">
    <p class='ocr_par' dir='ltr' id='par_1_8' title="bbox 1967 2671 2076 3224">
     <span class='ocr_line' id='line_1_13' title="bbox 2025 2671 2076 3224; textangle 270"><span class='ocrx_word' id='word_1_66' title='bbox 2027 2671 2064 2735; x_wconf 90' lang='lat' dir='ltr'>per</span> <span class='ocrx_word' id='word_1_67' title='bbox 2028 2750 2075 2928; x_wconf 81' lang='lat' dir='ltr'>effectum,</span> <span class='ocrx_word' id='word_1_68' title='bbox 2039 2940 2076 2994; x_wconf 88' lang='lat' dir='ltr'>vis</span> <span class='ocrx_word' id='word_1_69' title='bbox 2025 3014 2073 3224; x_wconf 83' lang='lat' dir='ltr'>magnetica,</span> 
     </span>
     <span class='ocr_line' id='line_1_14' title="bbox 1967 2699 2016 3109; textangle 270"><span class='ocrx_word' id='word_1_70' title='bbox 1967 2699 2016 2885; x_wconf 66' lang='lat' dir='ltr'>diret-trix,</span> <span class='ocrx_word' id='word_1_71' title='bbox 1979 2906 2016 3109; x_wconf 83' lang='lat' dir='ltr'><strong>volatilitas.</strong></span> 
     </span>
    </p>
   </div>
   <div class='ocr_carea' id='block_1_9' title="bbox 1849 2672 1900 3226">
    <p class='ocr_par' dir='ltr' id='par_1_9' title="bbox 1849 2672 1900 3226">
     <span class='ocr_line' id='line_1_15' title="bbox 1849 2672 1900 3226; textangle 270"><span class='ocrx_word' id='word_1_72' title='bbox 1850 2672 1900 2898; x_wconf 85' lang='lat' dir='ltr'>immediate,</span> <span class='ocrx_word' id='word_1_73' title='bbox 1863 2927 1896 2967; x_wconf 88' lang='lat' dir='ltr'>ut</span> <span class='ocrx_word' id='word_1_74' title='bbox 1849 2986 1899 3102; x_wconf 84' lang='lat' dir='ltr'>calor,</span> <span class='ocrx_word' id='word_1_75' title='bbox 1850 3125 1899 3226; x_wconf 83' lang='lat' dir='ltr'>odor,</span> 
     </span>
    </p>
   </div>
   <div class='ocr_carea' id='block_1_10' title="bbox 1803 2527 2067 2634">
    <p class='ocr_par' dir='ltr' id='par_1_10' title="bbox 1803 2527 2067 2634">
     <span class='ocr_line' id='line_1_16' title="bbox 1855 2527 2019 2574; baseline -0.006 -11"><span class='ocrx_word' id='word_1_76' title='bbox 1855 2527 2019 2574; x_wconf 85' lang='lat' dir='ltr'>Utraque</span> 
     </span>
     <span class='ocr_line' id='line_1_17' title="bbox 1803 2586 2067 2634; baseline -0.004 -13"><span class='ocrx_word' id='word_1_77' title='bbox 1803 2586 2067 2634; x_wconf 74' lang='lat' dir='ltr'>perceptibilia.</span> 
     </span>
    </p>
   </div>
   <div class='ocr_carea' id='block_1_11' title="bbox 1631 582 1843 3054">
    <p class='ocr_par' dir='ltr' id='par_1_11' title="bbox 1653 582 1843 3054">
     <span class='ocr_line' id='line_1_18' title="bbox 1790 582 1843 3054; textangle 270"><span class='ocrx_word' id='word_1_78' title='bbox 1807 582 1843 653; x_wconf 88' lang='lat' dir='ltr'>cies</span> <span class='ocrx_word' id='word_1_79' title='bbox 1795 684 1842 867; x_wconf 75' lang='lat' dir='ltr'>colligitur</span> <span class='ocrx_word' id='word_1_80' title='bbox 1807 896 1832 944; x_wconf 86' lang='lat' dir='ltr'>ex</span> <span class='ocrx_word' id='word_1_81' title='bbox 1806 966 1832 1043; x_wconf 92' lang='lat' dir='ltr'>mo·</span> <span class='ocrx_word' id='word_1_82' title='bbox 1807 1109 1843 1208; x_wconf 84' lang='lat' dir='ltr'>Talis</span> <span class='ocrx_word' id='word_1_83' title='bbox 1796 1228 1843 1383; x_wconf 87' lang='lat' dir='ltr'>qualitas</span> <span class='ocrx_word' id='word_1_84' title='bbox 1806 1404 1832 1525; x_wconf 89' lang='lat' dir='ltr'>rursus</span> <span class='ocrx_word' id='word_1_85' title='bbox 1805 1546 1839 1600; x_wconf 88' lang='lat' dir='ltr'>est</span> <span class='ocrx_word' id='word_1_86' title='bbox 1791 1912 1842 2099; x_wconf 76' lang='lat' dir='ltr'>asperitas,</span> <span class='ocrx_word' id='word_1_87' title='bbox 1805 2122 1841 2387; x_wconf 80' lang='lat' dir='ltr'>maueabilitas.</span> <span class='ocrx_word' id='word_1_88' title='bbox 1790 2701 1839 2871; x_wconf 79' lang='lat' dir='ltr'>gravitas,</span> <span class='ocrx_word' id='word_1_89' title='bbox 1801 2894 1840 3054; x_wconf 83' lang='lat' dir='ltr'>durities.</span> 
     </span>
     <span class='ocr_line' id='line_1_19' title="bbox 1747 582 1784 1043; textangle 270"><span class='ocrx_word' id='word_1_90' title='bbox 1747 582 1784 850; x_wconf 87' lang='lat' dir='ltr'>dificationibus</span> <span class='ocrx_word' id='word_1_91' title='bbox 1747 879 1784 1043; x_wconf 85' lang='lat' dir='ltr'>substan-</span> 
     </span>
     <span class='ocr_line' id='line_1_20' title="bbox 1653 582 1726 1762; textangle 270"><span class='ocrx_word' id='word_1_92' title='bbox 1676 582 1724 730; x_wconf 88' lang='lat' dir='ltr'>tiarum,</span> <span class='ocrx_word' id='word_1_93' title='bbox 1688 761 1722 798; x_wconf 91' lang='lat' dir='ltr'>et</span> <span class='ocrx_word' id='word_1_94' title='bbox 1688 818 1722 872; x_wconf 87' lang='lat' dir='ltr'>est</span> <span class='ocrx_word' id='word_1_95' title='bbox 1677 1081 1726 1293; x_wconf 85' lang='lat' dir='ltr'>primarium</span> <span class='ocrx_word' id='word_1_96' title='bbox 1690 1314 1715 1376; x_wconf 87' lang='lat' dir='ltr'>seu</span> <span class='ocrx_word' id='word_1_97' title='bbox 1666 1411 1702 1528; x_wconf 61' lang='lat' dir='ltr'>activa</span> <span class='ocrx_word' id='word_1_98' title='bbox 1653 1547 1702 1667; x_wconf 62' lang='lat' dir='ltr'>impe</span> <span class='ocrx_word' id='word_1_99' title='bbox 1664 1678 1698 1762; x_wconf 46' lang='lat' dir='ltr'><strong>tus·</strong></span> 
     </span>
    </p>

    <p class='ocr_par' dir='ltr' id='par_1_12' title="bbox 1631 1109 1666 1356">
     <span class='ocr_line' id='line_1_21' title="bbox 1631 1109 1666 1356; textangle 270"><span class='ocrx_word' id='word_1_100' title='bbox 1631 1109 1666 1356; x_wconf 75' lang='lat' dir='ltr'>mechanicum</span> 
     </span>
    </p>
   </div>
   <div class='ocr_carea' id='block_1_12' title="bbox 1560 1107 1604 1376">
    <p class='ocr_par' dir='ltr' id='par_1_13' title="bbox 1560 1107 1604 1376">
     <span class='ocr_line' id='line_1_22' title="bbox 1560 1107 1604 1376; textangle 270"><span class='ocrx_word' id='word_1_101' title='bbox 1561 1107 1596 1239; x_wconf 87' lang='lat' dir='ltr'>nempe</span> <span class='ocrx_word' id='word_1_102' title='bbox 1560 1250 1604 1376; x_wconf 88' lang='lat' dir='ltr'>poten-</span> 
     </span>
    </p>
   </div>
   <div class='ocr_carea' id='block_1_13' title="bbox 1512 1107 1576 3186">
    <p class='ocr_par' dir='ltr' id='par_1_14' title="bbox 1512 1107 1576 3186">
     <span class='ocr_line' id='line_1_23' title="bbox 1512 1107 1576 3186; textangle 270"><span class='ocrx_word' id='word_1_103' title='bbox 1512 1107 1548 1158; x_wconf 67' lang='lat' dir='ltr'>tia</span> <span class='ocrx_word' id='word_1_104' title='bbox 1512 1175 1548 1377; x_wconf 57' lang='lat' dir='ltr'>derivativa</span> <span class='ocrx_word' id='word_1_105' title='bbox 1526 1413 1573 1554; x_wconf 88' lang='lat' dir='ltr'>passiva</span> <span class='ocrx_word' id='word_1_106' title='bbox 1535 1574 1561 1635; x_wconf 87' lang='lat' dir='ltr'>seu</span> <span class='ocrx_word' id='word_1_107' title='bbox 1535 1655 1572 1935; x_wconf 81' lang='lat' dir='ltr'>resistentia</span> <span class='ocrx_word' id='word_1_108' title='bbox 1523 1955 1560 2019; x_wconf 90' lang='lat' dir='ltr'>per</span> <span class='ocrx_word' id='word_1_109' title='bbox 1524 2038 1573 2326; x_wconf 79' lang='lat' dir='ltr'>magnitudinem</span> <span class='ocrx_word' id='word_1_110' title='bbox 1534 2346 1568 2381; x_wconf 89' lang='lat' dir='ltr'>et</span> <span class='ocrx_word' id='word_1_111' title='bbox 1525 2402 1570 2552; x_wconf 76' lang='lat' dir='ltr'>figuram</span> <span class='ocrx_word' id='word_1_112' title='bbox 1518 2574 1573 2632; x_wconf 88' lang='lat' dir='ltr'>(v.</span> <span class='ocrx_word' id='word_1_113' title='bbox 1521 2654 1558 2688; x_wconf 80' lang='lat' dir='ltr'>g.</span> <span class='ocrx_word' id='word_1_114' title='bbox 1519 2710 1576 2918; x_wconf 81' lang='lat' dir='ltr'>texturam)</span> <span class='ocrx_word' id='word_1_115' title='bbox 1533 2939 1572 3186; x_wconf 85' lang='lat' dir='ltr'>determinata.</span> 
     </span>
    </p>
   </div>
   <div class='ocr_carea' id='block_1_14' title="bbox 1318 2295 1426 2331">
    <p class='ocr_par' dir='ltr' id='par_1_15' title="bbox 1318 2295 1426 2331">
     <span class='ocr_line' id='line_1_24' title="bbox 1318 2295 1426 2331; baseline 0.019 -13"><span class='ocrx_word' id='word_1_116' title='bbox 1318 2295 1426 2331; x_wconf 87' lang='lat' dir='ltr'>raque</span> 
     </span>
    </p>
   </div>
   <div class='ocr_carea' id='block_1_15' title="bbox 1323 605 1372 1665">
    <p class='ocr_par' dir='ltr' id='par_1_16' title="bbox 1323 605 1372 1665">
     <span class='ocr_line' id='line_1_25' title="bbox 1323 605 1372 1665; textangle 270"><span class='ocrx_word' id='word_1_117' title='bbox 1323 605 1370 736; x_wconf 87' lang='lat' dir='ltr'>lorum,</span> <span class='ocrx_word' id='word_1_118' title='bbox 1335 755 1372 930; x_wconf 74' lang='lat' dir='ltr'>exercitus</span> <span class='ocrx_word' id='word_1_119' title='bbox 1323 947 1371 1148; x_wconf 81' lang='lat' dir='ltr'>hominum,</span> <span class='ocrx_word' id='word_1_120' title='bbox 1325 1167 1360 1256; x_wconf 82' lang='lat' dir='ltr'>grex</span> <span class='ocrx_word' id='word_1_121' title='bbox 1326 1273 1372 1498; x_wconf 84' lang='lat' dir='ltr'>animalium,</span> <span class='ocrx_word' id='word_1_122' title='bbox 1324 1517 1372 1665; x_wconf 84' lang='lat' dir='ltr'>piscina,</span> 
     </span>
    </p>
   </div>
   <div class='ocr_carea' id='block_1_16' title="bbox 1262 548 1432 2276">
    <p class='ocr_par' dir='ltr' id='par_1_17' title="bbox 1262 548 1432 2276">
     <span class='ocr_line' id='line_1_26' title="bbox 1268 548 1432 2276; textangle 270"><span class='ocrx_word' id='word_1_123' title='bbox 1393 548 1431 849; x_wconf 86' lang='lat' dir='ltr'>Semisubstantia</span> <span class='ocrx_word' id='word_1_124' title='bbox 1395 869 1431 1018; x_wconf 86' lang='lat' dir='ltr'>collecta</span> <span class='ocrx_word' id='word_1_125' title='bbox 1395 1039 1420 1087; x_wconf 82' lang='lat' dir='ltr'>ex</span> <span class='ocrx_word' id='word_1_126' title='bbox 1393 1106 1431 1317; x_wconf 82' lang='lat' dir='ltr'>substantiis</span> <span class='ocrx_word' id='word_1_127' title='bbox 1395 1337 1428 1377; x_wconf 86' lang='lat' dir='ltr'>ut</span> <span class='ocrx_word' id='word_1_128' title='bbox 1396 1393 1432 1530; x_wconf 84' lang='lat' dir='ltr'>Chorus</span> <span class='ocrx_word' id='word_1_129' title='bbox 1386 1550 1430 1666; x_wconf 81' lang='lat' dir='ltr'>Ange·</span> <span class='ocrx_word' id='word_1_130' title='bbox 1268 1671 1430 1724; x_wconf 64' lang='lat' dir='ltr'>{p</span> <span class='ocrx_word' id='word_1_131' title='bbox 1382 1734 1430 1926; x_wconf 76' lang='lat' dir='ltr'>raedita,</span> <span class='ocrx_word' id='word_1_132' title='bbox 1394 1936 1427 1974; x_wconf 89' lang='lat' dir='ltr'>ut</span> <span class='ocrx_word' id='word_1_133' title='bbox 1381 1982 1431 2276; x_wconf 81' lang='lat' dir='ltr'>piscina,domus.</span> 
     </span>
     <span class='ocr_line' id='line_1_27' title="bbox 1262 606 1313 1532; textangle 270"><span class='ocrx_word' id='word_1_134' title='bbox 1262 606 1311 747; x_wconf 86' lang='lat' dir='ltr'>domus,</span> <span class='ocrx_word' id='word_1_135' title='bbox 1264 771 1311 877; x_wconf 79' lang='lat' dir='ltr'>lapiS,</span> <span class='ocrx_word' id='word_1_136' title='bbox 1264 900 1312 1067; x_wconf 87' lang='lat' dir='ltr'>cadaver,</span> <span class='ocrx_word' id='word_1_137' title='bbox 1264 1089 1300 1181; x_wconf 89' lang='lat' dir='ltr'>quae</span> <span class='ocrx_word' id='word_1_138' title='bbox 1275 1202 1308 1285; x_wconf 88' lang='lat' dir='ltr'>sunt</span> <span class='ocrx_word' id='word_1_139' title='bbox 1275 1305 1313 1532; x_wconf 82' lang='lat' dir='ltr'>connexione</span> 
     </span>
    </p>
   </div>
   <div class='ocr_carea' id='block_1_17' title="bbox 1267 2339 1429 2788">
    <p class='ocr_par' dir='ltr' id='par_1_18' title="bbox 1267 2339 1429 2788">
     <span class='ocr_line' id='line_1_28' title="bbox 1267 2339 1429 2788; textangle 270"><span class='ocrx_word' id='word_1_140' title='bbox 1267 2339 1427 2516; x_wconf 77' lang='lat' dir='ltr'>{confusa</span> <span class='ocrx_word' id='word_1_141' title='bbox 1392 2536 1427 2575; x_wconf 89' lang='lat' dir='ltr'>ut</span> <span class='ocrx_word' id='word_1_142' title='bbox 1382 2595 1429 2788; x_wconf 85' lang='lat' dir='ltr'>congeries.</span> 
     </span>
    </p>
   </div>
   <div class='ocr_carea' id='block_1_18' title="bbox 1286 2282 1314 2318">
    <p class='ocr_par' dir='ltr' id='par_1_19' title="bbox 1286 2282 1314 2318">
     <span class='ocr_line' id='line_1_29' title="bbox 1286 2282 1314 2318; textangle 270"><span class='ocrx_word' id='word_1_143' title='bbox 1286 2282 1314 2318; x_wconf 57' lang='grc' dir='ltr'>ῤ’</span> 
     </span>
    </p>
   </div>
   <div class='ocr_carea' id='block_1_19' title="bbox 1087 642 1313 3365">
    <p class='ocr_par' dir='ltr' id='par_1_20' title="bbox 1087 642 1313 3365">
     <span class='ocr_line' id='line_1_30' title="bbox 1263 1702 1313 2790; textangle 270"><span class='ocrx_word' id='word_1_144' title='bbox 1264 1702 1313 1940; x_wconf 87' lang='lat' dir='ltr'>destituta,</span> <span class='ocrx_word' id='word_1_145' title='bbox 1276 1962 1310 2001; x_wconf 91' lang='lat' dir='ltr'>ut</span> <span class='ocrx_word' id='word_1_146' title='bbox 1263 2021 1301 2121; x_wconf 74' lang='lat' dir='ltr'>grex,</span> <span class='ocrx_word' id='word_1_147' title='bbox 1266 2144 1309 2317; x_wconf 65' lang='lat' dir='ltr'>st1·ues.‚2</span> <span class='ocrx_word' id='word_1_148' title='bbox 1274 2368 1311 2534; x_wconf 85' lang='lat' dir='ltr'>ordinata</span> <span class='ocrx_word' id='word_1_149' title='bbox 1274 2552 1308 2593; x_wconf 92' lang='lat' dir='ltr'>ut</span> <span class='ocrx_word' id='word_1_150' title='bbox 1274 2612 1310 2790; x_wconf 86' lang='lat' dir='ltr'>maehina.</span> 
     </span>
     <span class='ocr_line' id='line_1_31' title="bbox 1146 642 1197 3365; textangle 270"><span class='ocrx_word' id='word_1_151' title='bbox 1159 642 1195 876; x_wconf 83' lang='lat' dir='ltr'>Substantiae</span> <span class='ocrx_word' id='word_1_152' title='bbox 1147 895 1194 1117; x_wconf 87' lang='lat' dir='ltr'>compositae</span> <span class='ocrx_word' id='word_1_153' title='bbox 1147 1137 1184 1230; x_wconf 84' lang='lat' dir='ltr'>quae</span> <span class='ocrx_word' id='word_1_154' title='bbox 1159 1251 1194 1368; x_wconf 90' lang='lat' dir='ltr'>oritur</span> <span class='ocrx_word' id='word_1_155' title='bbox 1160 1389 1184 1434; x_wconf 85' lang='lat' dir='ltr'>ex</span> <span class='ocrx_word' id='word_1_156' title='bbox 1160 1456 1195 1593; x_wconf 78' lang='lat' dir='ltr'>inssuxu</span> <span class='ocrx_word' id='word_1_157' title='bbox 1159 1615 1184 1738; x_wconf 87' lang='lat' dir='ltr'>earum</span> <span class='ocrx_word' id='word_1_158' title='bbox 1148 1760 1193 1904; x_wconf 86' lang='lat' dir='ltr'>mutuo,</span> <span class='ocrx_word' id='word_1_159' title='bbox 1160 1926 1193 1961; x_wconf 93' lang='lat' dir='ltr'>et</span> <span class='ocrx_word' id='word_1_160' title='bbox 1159 1981 1195 2147; x_wconf 79' lang='lat' dir='ltr'>consistit</span> <span class='ocrx_word' id='word_1_161' title='bbox 1159 2167 1195 2204; x_wconf 91' lang='lat' dir='ltr'>in</span> <span class='ocrx_word' id='word_1_162' title='bbox 1146 2225 1193 2454; x_wconf 86' lang='lat' dir='ltr'>potentiis</span> <span class='ocrx_word' id='word_1_163' title='bbox 1157 2474 1194 2647; x_wconf 86' lang='lat' dir='ltr'>activis</span> <span class='ocrx_word' id='word_1_164' title='bbox 1157 2669 1190 2705; x_wconf 88' lang='lat' dir='ltr'>et</span> <span class='ocrx_word' id='word_1_165' title='bbox 1146 2726 1194 2930; x_wconf 88' lang='lat' dir='ltr'>passivis</span> <span class='ocrx_word' id='word_1_166' title='bbox 1148 2950 1197 3255; x_wconf 78' lang='lat' dir='ltr'>derivativis,</span> <span class='ocrx_word' id='word_1_167' title='bbox 1161 3284 1189 3365; x_wconf 84' lang='lat' dir='ltr'>cum</span> 
     </span>
     <span class='ocr_line' id='line_1_32' title="bbox 1087 699 1137 3217; textangle 270"><span class='ocrx_word' id='word_1_168' title='bbox 1089 699 1125 855; x_wconf 88' lang='lat' dir='ltr'>corpora</span> <span class='ocrx_word' id='word_1_169' title='bbox 1098 875 1132 1093; x_wconf 82' lang='lat' dir='ltr'>concurrunt</span> <span class='ocrx_word' id='word_1_170' title='bbox 1098 1115 1135 1311; x_wconf 87' lang='lat' dir='ltr'>seeundum</span> <span class='ocrx_word' id='word_1_171' title='bbox 1088 1334 1135 1429; x_wconf 79' lang='lat' dir='ltr'>leges</span> <span class='ocrx_word' id='word_1_172' title='bbox 1087 1451 1133 1583; x_wconf 84' lang='lat' dir='ltr'>motus,</span> <span class='ocrx_word' id='word_1_173' title='bbox 1088 1605 1136 1763; x_wconf 88' lang='lat' dir='ltr'>adeoque</span> <span class='ocrx_word' id='word_1_174' title='bbox 1101 1784 1136 1823; x_wconf 89' lang='lat' dir='ltr'>in</span> <span class='ocrx_word' id='word_1_175' title='bbox 1100 1844 1137 1981; x_wconf 88' lang='lat' dir='ltr'>viribus</span> <span class='ocrx_word' id='word_1_176' title='bbox 1099 2002 1132 2038; x_wconf 89' lang='lat' dir='ltr'>et</span> <span class='ocrx_word' id='word_1_177' title='bbox 1098 2057 1135 2271; x_wconf 87' lang='lat' dir='ltr'>resistentiis</span> <span class='ocrx_word' id='word_1_178' title='bbox 1096 2291 1133 2486; x_wconf 88' lang='lat' dir='ltr'>secundum</span> <span class='ocrx_word' id='word_1_179' title='bbox 1087 2507 1135 2771; x_wconf 82' lang='lat' dir='ltr'>magnitudines</span> <span class='ocrx_word' id='word_1_180' title='bbox 1097 2792 1131 2828; x_wconf 85' lang='lat' dir='ltr'>et</span> <span class='ocrx_word' id='word_1_181' title='bbox 1088 2848 1134 2978; x_wconf 79' lang='lat' dir='ltr'>figuras</span> <span class='ocrx_word' id='word_1_182' title='bbox 1087 2998 1137 3217; x_wconf 87' lang='lat' dir='ltr'>temperatis.</span> 
     </span>
    </p>
   </div>
   <div class='ocr_carea' id='block_1_20' title="bbox 969 640 1020 2457">
    <p class='ocr_par' dir='ltr' id='par_1_21' title="bbox 969 640 1020 2457">
     <span class='ocr_line' id='line_1_33' title="bbox 969 640 1020 2457; textangle 270"><span class='ocrx_word' id='word_1_183' title='bbox 983 640 1020 809; x_wconf 88' lang='lat' dir='ltr'>Monadis</span> <span class='ocrx_word' id='word_1_184' title='bbox 972 829 1008 922; x_wconf 88' lang='lat' dir='ltr'>quae</span> <span class='ocrx_word' id='word_1_185' title='bbox 982 942 1019 1058; x_wconf 89' lang='lat' dir='ltr'>oritur</span> <span class='ocrx_word' id='word_1_186' title='bbox 981 1078 1007 1125; x_wconf 85' lang='lat' dir='ltr'>ex</span> <span class='ocrx_word' id='word_1_187' title='bbox 970 1146 1018 1296; x_wconf 86' lang='lat' dir='ltr'>propria</span> <span class='ocrx_word' id='word_1_188' title='bbox 970 1316 1007 1413; x_wconf 90' lang='lat' dir='ltr'>penu</span> <span class='ocrx_word' id='word_1_189' title='bbox 973 1434 1019 1512; x_wconf 88' lang='lat' dir='ltr'>ejus</span> <span class='ocrx_word' id='word_1_190' title='bbox 982 1534 1016 1570; x_wconf 86' lang='lat' dir='ltr'>et</span> <span class='ocrx_word' id='word_1_191' title='bbox 982 1590 1018 1756; x_wconf 87' lang='lat' dir='ltr'>consistit</span> <span class='ocrx_word' id='word_1_192' title='bbox 982 1776 1019 1879; x_wconf 88' lang='lat' dir='ltr'>unice</span> <span class='ocrx_word' id='word_1_193' title='bbox 983 1898 1019 1935; x_wconf 88' lang='lat' dir='ltr'>in</span> <span class='ocrx_word' id='word_1_194' title='bbox 969 1956 1017 2196; x_wconf 82' lang='lat' dir='ltr'>perceptione,</span> <span class='ocrx_word' id='word_1_195' title='bbox 981 2228 1014 2264; x_wconf 90' lang='lat' dir='ltr'>et</span> <span class='ocrx_word' id='word_1_196' title='bbox 969 2284 1017 2457; x_wconf 88' lang='lat' dir='ltr'>appetitu.</span> 
     </span>
    </p>
   </div>
   <div class='ocr_carea' id='block_1_21' title="bbox 438 640 904 3360">
    <p class='ocr_par' dir='ltr' id='par_1_22' title="bbox 438 640 904 3360">
     <span class='ocr_line' id='line_1_34' title="bbox 853 640 904 3360; textangle 270"><span class='ocrx_word' id='word_1_197' title='bbox 854 640 902 912; x_wconf 88' lang='lat' dir='ltr'>Composita</span> <span class='ocrx_word' id='word_1_198' title='bbox 865 934 901 1032; x_wconf 83' lang='lat' dir='ltr'>velut</span> <span class='ocrx_word' id='word_1_199' title='bbox 865 1053 901 1189; x_wconf 84' lang='lat' dir='ltr'>animal</span> <span class='ocrx_word' id='word_1_200' title='bbox 866 1212 900 1267; x_wconf 83' lang='lat' dir='ltr'>vel</span> <span class='ocrx_word' id='word_1_201' title='bbox 865 1290 901 1387; x_wconf 85' lang='lat' dir='ltr'>aliud</span> <span class='ocrx_word' id='word_1_202' title='bbox 856 1409 901 1618; x_wconf 63' lang='lat' dir='ltr'>organicum</span> <span class='ocrx_word' id='word_1_203' title='bbox 854 1638 890 1728; x_wconf 90' lang='lat' dir='ltr'>quae</span> <span class='ocrx_word' id='word_1_204' title='bbox 854 1748 890 1892; x_wconf 84' lang='lat' dir='ltr'>semper</span> <span class='ocrx_word' id='word_1_205' title='bbox 854 1912 898 2049; x_wconf 89' lang='lat' dir='ltr'>perstat</span> <span class='ocrx_word' id='word_1_206' title='bbox 864 2069 898 2103; x_wconf 91' lang='lat' dir='ltr'>et</span> <span class='ocrx_word' id='word_1_207' title='bbox 863 2124 900 2295; x_wconf 85' lang='lat' dir='ltr'>adhaeret</span> <span class='ocrx_word' id='word_1_208' title='bbox 863 2310 901 2463; x_wconf 89' lang='lat' dir='ltr'>Monadi</span> <span class='ocrx_word' id='word_1_209' title='bbox 853 2484 902 2699; x_wconf 85' lang='lat' dir='ltr'>dominanti,</span> <span class='ocrx_word' id='word_1_210' title='bbox 863 2723 901 2784; x_wconf 86' lang='lat' dir='ltr'>sed</span> <span class='ocrx_word' id='word_1_211' title='bbox 864 2806 901 2852; x_wconf 86' lang='lat' dir='ltr'>ab</span> <span class='ocrx_word' id='word_1_212' title='bbox 864 2873 900 3012; x_wconf 83' lang='lat' dir='ltr'>inssuxu</span> <span class='ocrx_word' id='word_1_213' title='bbox 865 3031 902 3184; x_wconf 88' lang='lat' dir='ltr'>aliarum</span> <span class='ocrx_word' id='word_1_214' title='bbox 868 3203 904 3360; x_wconf 87' lang='lat' dir='ltr'>substan-</span> 
     </span>
     <span class='ocr_line' id='line_1_35' title="bbox 792 697 845 3360; textangle 270"><span class='ocrx_word' id='word_1_215' title='bbox 807 697 843 829; x_wconf 87' lang='lat' dir='ltr'>tiarum</span> <span class='ocrx_word' id='word_1_216' title='bbox 795 848 841 1131; x_wconf 77' lang='lat' dir='ltr'>compositarum</span> <span class='ocrx_word' id='word_1_217' title='bbox 794 1154 841 1301; x_wconf 88' lang='lat' dir='ltr'>patitur.</span> <span class='ocrx_word' id='word_1_218' title='bbox 806 1344 841 1518; x_wconf 78' lang='lat' dir='ltr'>Consistit</span> <span class='ocrx_word' id='word_1_219' title='bbox 806 1539 841 1574; x_wconf 94' lang='lat' dir='ltr'>in</span> <span class='ocrx_word' id='word_1_220' title='bbox 794 1597 842 1811; x_wconf 87' lang='lat' dir='ltr'>potentia</span> <span class='ocrx_word' id='word_1_221' title='bbox 806 1832 841 1989; x_wconf 77' lang='lat' dir='ltr'>activa</span> <span class='ocrx_word' id='word_1_222' title='bbox 806 2017 838 2053; x_wconf 87' lang='lat' dir='ltr'>et</span> <span class='ocrx_word' id='word_1_223' title='bbox 794 2073 839 2262; x_wconf 85' lang='lat' dir='ltr'>passiva</span> <span class='ocrx_word' id='word_1_224' title='bbox 792 2283 841 2556; x_wconf 79' lang='lat' dir='ltr'>primitivis,</span> <span class='ocrx_word' id='word_1_225' title='bbox 804 2587 829 2648; x_wconf 88' lang='lat' dir='ltr'>seu</span> <span class='ocrx_word' id='word_1_226' title='bbox 804 2669 840 2833; x_wconf 82' lang='lat' dir='ltr'>consistit</span> <span class='ocrx_word' id='word_1_227' title='bbox 805 2852 840 2889; x_wconf 87' lang='lat' dir='ltr'>in</span> <span class='ocrx_word' id='word_1_228' title='bbox 805 2912 842 3063; x_wconf 86' lang='lat' dir='ltr'>materia</span> <span class='ocrx_word' id='word_1_229' title='bbox 795 3083 842 3218; x_wconf 85' lang='lat' dir='ltr'>prima,</span> <span class='ocrx_word' id='word_1_230' title='bbox 811 3248 845 3283; x_wconf 88' lang='lat' dir='ltr'>id</span> <span class='ocrx_word' id='word_1_231' title='bbox 810 3304 843 3360; x_wconf 85' lang='lat' dir='ltr'>est</span> 
     </span>
     <span class='ocr_line' id='line_1_36' title="bbox 734 697 787 3357; textangle 270"><span class='ocrx_word' id='word_1_232' title='bbox 736 697 783 875; x_wconf 84' lang='lat' dir='ltr'>principio</span> <span class='ocrx_word' id='word_1_233' title='bbox 735 897 782 1132; x_wconf 84' lang='lat' dir='ltr'>resistentiae,</span> <span class='ocrx_word' id='word_1_234' title='bbox 746 1156 778 1191; x_wconf 87' lang='lat' dir='ltr'>et</span> <span class='ocrx_word' id='word_1_235' title='bbox 747 1214 780 1330; x_wconf 84' lang='lat' dir='ltr'>forma</span> <span class='ocrx_word' id='word_1_236' title='bbox 736 1350 782 1593; x_wconf 83' lang='lat' dir='ltr'>substantiali,</span> <span class='ocrx_word' id='word_1_237' title='bbox 747 1618 782 1655; x_wconf 89' lang='lat' dir='ltr'>id</span> <span class='ocrx_word' id='word_1_238' title='bbox 747 1675 779 1727; x_wconf 85' lang='lat' dir='ltr'>est</span> <span class='ocrx_word' id='word_1_239' title='bbox 736 1748 783 1926; x_wconf 83' lang='lat' dir='ltr'>principio</span> <span class='ocrx_word' id='word_1_240' title='bbox 736 1949 782 2114; x_wconf 88' lang='lat' dir='ltr'>impetus.</span> <span class='ocrx_word' id='word_1_241' title='bbox 745 2162 781 2256; x_wconf 91' lang='lat' dir='ltr'>Nam</span> <span class='ocrx_word' id='word_1_242' title='bbox 745 2279 781 2461; x_wconf 83' lang='lat' dir='ltr'>sciendum</span> <span class='ocrx_word' id='word_1_243' title='bbox 745 2482 778 2537; x_wconf 89' lang='lat' dir='ltr'>est</span> <span class='ocrx_word' id='word_1_244' title='bbox 734 2556 781 2766; x_wconf 89' lang='lat' dir='ltr'>corporibus</span> <span class='ocrx_word' id='word_1_245' title='bbox 745 2786 770 2910; x_wconf 86' lang='lat' dir='ltr'>revera</span> <span class='ocrx_word' id='word_1_246' title='bbox 746 2931 782 3005; x_wconf 89' lang='lat' dir='ltr'>vim</span> <span class='ocrx_word' id='word_1_247' title='bbox 748 3025 773 3155; x_wconf 86' lang='lat' dir='ltr'>novam</span> <span class='ocrx_word' id='word_1_248' title='bbox 751 3175 775 3245; x_wconf 91' lang='lat' dir='ltr'>non</span> <span class='ocrx_word' id='word_1_249' title='bbox 741 3267 787 3357; x_wconf 83' lang='lat' dir='ltr'>dari,</span> 
     </span>
     <span class='ocr_line' id='line_1_37' title="bbox 674 697 728 3357; textangle 270"><span class='ocrx_word' id='word_1_250' title='bbox 689 697 724 760; x_wconf 90' lang='lat' dir='ltr'>sed</span> <span class='ocrx_word' id='word_1_251' title='bbox 689 781 724 818; x_wconf 92' lang='lat' dir='ltr'>in</span> <span class='ocrx_word' id='word_1_252' title='bbox 689 840 724 884; x_wconf 89' lang='lat' dir='ltr'>iis</span> <span class='ocrx_word' id='word_1_253' title='bbox 688 906 724 1121; x_wconf 72' lang='lat' dir='ltr'>existentem</span> <span class='ocrx_word' id='word_1_254' title='bbox 688 1144 720 1286; x_wconf 87' lang='lat' dir='ltr'>tantum</span> <span class='ocrx_word' id='word_1_255' title='bbox 688 1307 722 1354; x_wconf 86' lang='lat' dir='ltr'>ab</span> <span class='ocrx_word' id='word_1_256' title='bbox 688 1375 722 1456; x_wconf 87' lang='lat' dir='ltr'>aliis</span> <span class='ocrx_word' id='word_1_257' title='bbox 687 1478 723 1708; x_wconf 85' lang='lat' dir='ltr'>determinari</span> <span class='ocrx_word' id='word_1_258' title='bbox 688 1730 712 1790; x_wconf 89' lang='lat' dir='ltr'>seu</span> <span class='ocrx_word' id='word_1_259' title='bbox 688 1812 724 2019; x_wconf 81' lang='lat' dir='ltr'>modificari.</span> <span class='ocrx_word' id='word_1_260' title='bbox 687 2061 722 2106; x_wconf 89' lang='lat' dir='ltr'>Et</span> <span class='ocrx_word' id='word_1_261' title='bbox 687 2126 711 2208; x_wconf 88' lang='lat' dir='ltr'>cum</span> <span class='ocrx_word' id='word_1_262' title='bbox 675 2228 710 2359; x_wconf 83' lang='lat' dir='ltr'>corpus</span> <span class='ocrx_word' id='word_1_263' title='bbox 686 2379 722 2526; x_wconf 86' lang='lat' dir='ltr'>incurrit</span> <span class='ocrx_word' id='word_1_264' title='bbox 686 2547 722 2582; x_wconf 88' lang='lat' dir='ltr'>in</span> <span class='ocrx_word' id='word_1_265' title='bbox 675 2604 722 2722; x_wconf 89' lang='lat' dir='ltr'>aliud,</span> <span class='ocrx_word' id='word_1_266' title='bbox 674 2746 721 2900; x_wconf 84' lang='lat' dir='ltr'>impellit</span> <span class='ocrx_word' id='word_1_267' title='bbox 676 2920 722 3057; x_wconf 84' lang='lat' dir='ltr'>ipsum,</span> <span class='ocrx_word' id='word_1_268' title='bbox 691 3086 728 3357; x_wconf 86' lang='lat' dir='ltr'>determinando</span> 
     </span>
     <span class='ocr_line' id='line_1_38' title="bbox 615 697 670 3358; textangle 270"><span class='ocrx_word' id='word_1_269' title='bbox 630 697 665 773; x_wconf 88' lang='lat' dir='ltr'>vim</span> <span class='ocrx_word' id='word_1_270' title='bbox 629 794 665 979; x_wconf 84' lang='lat' dir='ltr'>elastieam</span> <span class='ocrx_word' id='word_1_271' title='bbox 629 1001 665 1254; x_wconf 72' lang='lat' dir='ltr'>inexistentem</span> <span class='ocrx_word' id='word_1_272' title='bbox 629 1276 652 1298; x_wconf 88' lang='lat' dir='ltr'>a</span> <span class='ocrx_word' id='word_1_273' title='bbox 628 1319 660 1420; x_wconf 87' lang='lat' dir='ltr'>motu</span> <span class='ocrx_word' id='word_1_274' title='bbox 628 1443 664 1614; x_wconf 76' lang='lat' dir='ltr'>intestino</span> <span class='ocrx_word' id='word_1_275' title='bbox 618 1635 660 1772; x_wconf 86' lang='lat' dir='ltr'>ortam,</span> <span class='ocrx_word' id='word_1_276' title='bbox 618 1800 664 2104; x_wconf 84' lang='lat' dir='ltr'>quemadmodum</span> <span class='ocrx_word' id='word_1_277' title='bbox 628 2125 663 2268; x_wconf 80' lang='lat' dir='ltr'>visibile</span> <span class='ocrx_word' id='word_1_278' title='bbox 615 2289 660 2363; x_wconf 86' lang='lat' dir='ltr'>est,</span> <span class='ocrx_word' id='word_1_279' title='bbox 627 2395 662 2424; x_wconf 90' lang='lat' dir='ltr'>si</span> <span class='ocrx_word' id='word_1_280' title='bbox 627 2451 663 2544; x_wconf 88' lang='lat' dir='ltr'>duae</span> <span class='ocrx_word' id='word_1_281' title='bbox 626 2565 662 2703; x_wconf 80' lang='lat' dir='ltr'>vesicae</span> <span class='ocrx_word' id='word_1_282' title='bbox 627 2724 662 2869; x_wconf 81' lang='lat' dir='ltr'>inflatae</span> <span class='ocrx_word' id='word_1_283' title='bbox 618 2889 664 3052; x_wconf 82' lang='lat' dir='ltr'>aequales</span> <span class='ocrx_word' id='word_1_284' title='bbox 621 3073 669 3215; x_wconf 84' lang='lat' dir='ltr'>aequali</span> <span class='ocrx_word' id='word_1_285' title='bbox 633 3235 670 3358; x_wconf 88' lang='lat' dir='ltr'>celeri·</span> 
     </span>
     <span class='ocr_line' id='line_1_39' title="bbox 556 696 610 3359; textangle 270"><span class='ocrx_word' id='word_1_286' title='bbox 571 696 605 770; x_wconf 87' lang='lat' dir='ltr'>tate</span> <span class='ocrx_word' id='word_1_287' title='bbox 559 789 603 1025; x_wconf 79' lang='lat' dir='ltr'>concurrunt,</span> <span class='ocrx_word' id='word_1_288' title='bbox 571 1055 605 1118; x_wconf 84' lang='lat' dir='ltr'>nbi</span> <span class='ocrx_word' id='word_1_289' title='bbox 559 1140 594 1205; x_wconf 90' lang='lat' dir='ltr'>per</span> <span class='ocrx_word' id='word_1_290' title='bbox 569 1225 594 1439; x_wconf 74' lang='lat' dir='ltr'>concursum</span> <span class='ocrx_word' id='word_1_291' title='bbox 558 1461 604 1668; x_wconf 75' lang='lat' dir='ltr'>rediguntur</span> <span class='ocrx_word' id='word_1_292' title='bbox 569 1688 602 1836; x_wconf 86' lang='lat' dir='ltr'>motum.</span> <span class='ocrx_word' id='word_1_293' title='bbox 570 1878 605 1979; x_wconf 86' lang='lat' dir='ltr'>Idem</span> <span class='ocrx_word' id='word_1_294' title='bbox 570 2008 604 2047; x_wconf 80' lang='lat' dir='ltr'>fit</span> <span class='ocrx_word' id='word_1_295' title='bbox 569 2066 604 2103; x_wconf 90' lang='lat' dir='ltr'>in</span> <span class='ocrx_word' id='word_1_296' title='bbox 568 2123 603 2293; x_wconf 86' lang='lat' dir='ltr'>omnibus</span> <span class='ocrx_word' id='word_1_297' title='bbox 558 2315 603 2567; x_wconf 76' lang='lat' dir='ltr'>concursibus;</span> <span class='ocrx_word' id='word_1_298' title='bbox 556 2597 592 2711; x_wconf 85' lang='lat' dir='ltr'>neque</span> <span class='ocrx_word' id='word_1_299' title='bbox 567 2738 603 2834; x_wconf 85' lang='lat' dir='ltr'>enim</span> <span class='ocrx_word' id='word_1_300' title='bbox 570 2863 601 2987; x_wconf 85' lang='lat' dir='ltr'>natura</span> <span class='ocrx_word' id='word_1_301' title='bbox 562 3016 598 3174; x_wconf 87' lang='lat' dir='ltr'>unquam</span> <span class='ocrx_word' id='word_1_302' title='bbox 562 3200 610 3277; x_wconf 84' lang='lat' dir='ltr'>agit</span> <span class='ocrx_word' id='word_1_303' title='bbox 563 3296 601 3359; x_wconf 91' lang='lat' dir='ltr'>per</span> 
     </span>
     <span class='ocr_line' id='line_1_40' title="bbox 495 697 552 3359; textangle 270"><span class='ocrx_word' id='word_1_304' title='bbox 501 697 547 841; x_wconf 86' lang='lat' dir='ltr'>saltum,</span> <span class='ocrx_word' id='word_1_305' title='bbox 511 863 536 925; x_wconf 88' lang='lat' dir='ltr'>seu</span> <span class='ocrx_word' id='word_1_306' title='bbox 511 946 546 1086; x_wconf 89' lang='lat' dir='ltr'>nullum</span> <span class='ocrx_word' id='word_1_307' title='bbox 500 1108 535 1238; x_wconf 88' lang='lat' dir='ltr'>eorpus</span> <span class='ocrx_word' id='word_1_308' title='bbox 510 1259 542 1446; x_wconf 90' lang='lat' dir='ltr'>momento</span> <span class='ocrx_word' id='word_1_309' title='bbox 510 1469 545 1598; x_wconf 85' lang='lat' dir='ltr'>transit</span> <span class='ocrx_word' id='word_1_310' title='bbox 509 1619 533 1640; x_wconf 89' lang='lat' dir='ltr'>a</span> <span class='ocrx_word' id='word_1_311' title='bbox 498 1661 545 1779; x_wconf 85' lang='lat' dir='ltr'>quiete</span> <span class='ocrx_word' id='word_1_312' title='bbox 511 1800 547 1844; x_wconf 91' lang='lat' dir='ltr'>ad</span> <span class='ocrx_word' id='word_1_313' title='bbox 500 1867 543 2017; x_wconf 89' lang='lat' dir='ltr'>motum,</span> <span class='ocrx_word' id='word_1_314' title='bbox 511 2040 544 2096; x_wconf 85' lang='lat' dir='ltr'>vel</span> <span class='ocrx_word' id='word_1_315' title='bbox 510 2116 534 2138; x_wconf 87' lang='lat' dir='ltr'>a</span> <span class='ocrx_word' id='word_1_316' title='bbox 508 2159 540 2260; x_wconf 89' lang='lat' dir='ltr'>motu</span> <span class='ocrx_word' id='word_1_317' title='bbox 499 2281 544 2420; x_wconf 84' lang='lat' dir='ltr'>majore</span> <span class='ocrx_word' id='word_1_318' title='bbox 508 2440 544 2486; x_wconf 92' lang='lat' dir='ltr'>ad</span> <span class='ocrx_word' id='word_1_319' title='bbox 495 2508 544 2696; x_wconf 88' lang='lat' dir='ltr'>minorem,</span> <span class='ocrx_word' id='word_1_320' title='bbox 508 2717 541 2779; x_wconf 88' lang='lat' dir='ltr'>aut</span> <span class='ocrx_word' id='word_1_321' title='bbox 510 2799 543 2932; x_wconf 87' lang='lat' dir='ltr'>contra.</span> <span class='ocrx_word' id='word_1_322' title='bbox 513 2981 549 3050; x_wconf 86' lang='lat' dir='ltr'>Sed</span> <span class='ocrx_word' id='word_1_323' title='bbox 513 3071 550 3200; x_wconf 86' lang='lat' dir='ltr'>transit</span> <span class='ocrx_word' id='word_1_324' title='bbox 503 3220 540 3284; x_wconf 87' lang='lat' dir='ltr'>per</span> <span class='ocrx_word' id='word_1_325' title='bbox 516 3304 552 3359; x_wconf 89' lang='lat' dir='ltr'>in·</span> 
     </span>
     <span class='ocr_line' id='line_1_41' title="bbox 438 696 488 2230; textangle 270"><span class='ocrx_word' id='word_1_326' title='bbox 441 696 488 893; x_wconf 67' lang='lat' dir='ltr'>tcrrnedia,</span> <span class='ocrx_word' id='word_1_327' title='bbox 452 924 484 961; x_wconf 91' lang='lat' dir='ltr'>et</span> <span class='ocrx_word' id='word_1_328' title='bbox 451 980 487 1048; x_wconf 89' lang='lat' dir='ltr'>hoc</span> <span class='ocrx_word' id='word_1_329' title='bbox 452 1067 487 1106; x_wconf 83' lang='lat' dir='ltr'>fit</span> <span class='ocrx_word' id='word_1_330' title='bbox 440 1126 477 1195; x_wconf 87' lang='lat' dir='ltr'>ope</span> <span class='ocrx_word' id='word_1_331' title='bbox 452 1216 487 1270; x_wconf 90' lang='lat' dir='ltr'>vis</span> <span class='ocrx_word' id='word_1_332' title='bbox 438 1292 486 1470; x_wconf 90' lang='lat' dir='ltr'>elasticac,</span> <span class='ocrx_word' id='word_1_333' title='bbox 450 1493 475 1556; x_wconf 89' lang='lat' dir='ltr'>seu</span> <span class='ocrx_word' id='word_1_334' title='bbox 449 1577 482 1697; x_wconf 86' lang='lat' dir='ltr'>motus</span> <span class='ocrx_word' id='word_1_335' title='bbox 451 1718 487 1816; x_wconf 83' lang='lat' dir='ltr'>insiti</span> <span class='ocrx_word' id='word_1_336' title='bbox 452 1837 476 1859; x_wconf 89' lang='lat' dir='ltr'>a</span> <span class='ocrx_word' id='word_1_337' title='bbox 452 1879 487 1990; x_wconf 88' lang='lat' dir='ltr'>fluido</span> <span class='ocrx_word' id='word_1_338' title='bbox 439 2010 482 2230; x_wconf 88' lang='lat' dir='ltr'>permeante.</span> 
     </span>
    </p>
   </div>
   <div class='ocr_carea' id='block_1_22' title="bbox 319 639 373 2564">
    <p class='ocr_par' dir='ltr' id='par_1_23' title="bbox 319 639 373 2564">
     <span class='ocr_line' id='line_1_42' title="bbox 319 639 373 2564; textangle 270"><span class='ocrx_word' id='word_1_339' title='bbox 323 639 373 847; x_wconf 84' lang='lat' dir='ltr'>Simplex</span> <span class='ocrx_word' id='word_1_340' title='bbox 333 867 372 1001; x_wconf 85' lang='lat' dir='ltr'>Menas</span> <span class='ocrx_word' id='word_1_341' title='bbox 333 1022 367 1062; x_wconf 88' lang='lat' dir='ltr'>ut</span> <span class='ocrx_word' id='word_1_342' title='bbox 320 1081 368 1231; x_wconf 85' lang='lat' dir='ltr'>mentes,</span> <span class='ocrx_word' id='word_1_343' title='bbox 319 1251 369 1407; x_wconf 86' lang='lat' dir='ltr'>animae,</span> <span class='ocrx_word' id='word_1_344' title='bbox 320 1430 358 1523; x_wconf 90' lang='lat' dir='ltr'>quae</span> <span class='ocrx_word' id='word_1_345' title='bbox 332 1543 370 1634; x_wconf 88' lang='lat' dir='ltr'>nulli</span> <span class='ocrx_word' id='word_1_346' title='bbox 333 1654 369 1809; x_wconf 87' lang='lat' dir='ltr'>aliarum</span> <span class='ocrx_word' id='word_1_347' title='bbox 333 1829 368 2072; x_wconf 87' lang='lat' dir='ltr'>creaturarum</span> <span class='ocrx_word' id='word_1_348' title='bbox 331 2093 370 2245; x_wconf 84' lang='lat' dir='ltr'>influxui</span> <span class='ocrx_word' id='word_1_349' title='bbox 332 2268 369 2451; x_wconf 75' lang='lat' dir='ltr'>obnoxiae</span> <span class='ocrx_word' id='word_1_350' title='bbox 333 2471 366 2564; x_wconf 87' lang='lat' dir='ltr'>sunt.</span> 
     </span>
    </p>
   </div>
  </div>
 </body>
</html>
