2361 3643
715 119 755 154 V.
796 119 860 155 DE
888 119 1024 156 STILO
1051 118 1392 158 PHILOSOPHICO
1414 122 1603 159 NIZOLII.

85 212 171 248 tudo
193 212 348 258 practica
368 213 425 248 vel
447 213 593 248 moralis
614 213 717 259 hujus
738 213 1006 261 propositionis,
1029 213 1125 259 quod

84 271 201 306 onmis
218 271 278 306 ille
298 271 390 317 ignis
410 276 497 306 uret.
535 272 629 307 Nam
656 277 733 307 esto
753 273 845 318 ignis
866 273 925 308 ille
945 272 1026 307 talis
1045 272 1124 318 qui-

83 340 220 375 cunque
239 329 300 375 qui
322 329 408 364 mihi
430 342 523 365 nunc
553 332 741 376 offi>ratur3
771 332 829 366 aio
856 343 931 366 esse
958 342 1020 377 per
1047 341 1124 365 om-

85 388 145 423 nia
166 384 356 436 (quantum
377 389 421 423 ad
444 400 519 424 rem
545 387 719 435 pertinet)
749 390 904 424 similem
932 389 1121 436 prioribus,

82 446 177 492 quia,
207 458 270 492 per
295 447 518 493 hypothesin,
550 459 624 482 non
650 448 766 482 sentio
795 448 1123 483 dissimilitudinem

82 505 128 539 ad
148 516 224 539 rem
241 506 440 551 facientem,
458 506 537 549 jam
553 506 647 551 quod
662 517 736 540 non
753 506 914 553 sentitur,
933 518 1005 541 non
1020 518 1122 553 prae-

81 564 243 609 sumitur,
260 576 322 611 per
336 565 591 599 adminiculum
605 564 642 598 2.
674 565 778 606 Quod
792 576 864 600 non
874 565 1121 611 praesumitur,

81 626 133 657 est
149 622 186 656 in
202 624 305 669 piaxi
322 623 515 657 tenendum
532 634 598 669 pro
616 623 726 670 nullo,
738 635 800 669 per
817 624 1073 659 adminiculum
1085 624 1121 658 3.

81 681 175 727 Ergo
202 693 265 727 per
292 681 415 715 omnia
443 681 598 716 similem
625 692 716 727 esse,
749 678 946 730 (quantum
973 683 1018 718 ad
1045 694 1122 718 rem

80 735 249 787 pertinet)
271 742 323 773 est
349 739 386 773 in
413 740 517 785 praxi
545 741 748 775 tenendum.

79 797 207 831 similis
227 797 381 842 effectus,
404 809 467 844 per
486 798 744 834 adminiculum
765 800 798 834 1.
820 800 991 835 nimirum
1013 800 1118 846 ustio,

78 867 141 901 per
175 856 407 902 hypothesin:
446 857 541 902 Ergo
578 857 696 903 ignem
731 859 840 893 talem
875 869 1121 905 quemcunque

801 741 882 776 Jam
910 752 972 788 per
999 741 1122 776 omnia
1153 738 1155 779 Ξ

76 914 250 960 oblatum,
280 925 342 949 seu
362 925 509 949 onmem
527 916 630 950 illum
651 917 773 963 ignem
800 923 974 962 usturum,
1002 922 1055 952 est
1082 918 1120 951 in
1152 957 1153 965 ἵ

1187 976 1238 1011 tio
1261 976 1408 1023 possint.
1440 976 1543 1012 Nunc
1563 977 1672 1022 igitur
1691 977 1973 1024 loquacissimae,
2005 980 2077 1025 sed,
2104 979 2142 1014 ni
2163 981 2229 1015 fal-

74 973 179 1019 praxi
200 973 405 1008 tenendum.
438 974 543 1015 Quod
564 978 639 1010 erat
660 976 990 1011 demonstrandum.
1025 976 1120 1011 Hinc

69 1031 149 1074 jam
169 1034 278 1077 patet,
301 1031 543 1068 inductionem
564 1045 628 1079 per
656 1046 693 1069 se
714 1035 802 1069 nihil
831 1035 1044 1081 producere,
1074 1045 1120 1070 ne

73 1090 324 1126 certitudinem
362 1091 506 1137 quidem
546 1093 738 1139 moralem,
781 1093 857 1128 sine
896 1093 1118 1129 adminiculo

72 1149 361 1195 propositionum
381 1161 455 1184 non
476 1151 522 1186 ab
543 1150 761 1197 inductione,
791 1152 852 1187 sed
879 1153 1018 1187 ratione
1040 1152 1118 1187 uni-

72 1207 201 1242 versali
230 1208 480 1254 pendentiumq
516 1220 602 1244 nam
635 1210 666 1244 si
695 1214 811 1245 essent
839 1214 874 1245 et
901 1210 1118 1246 adminicula

72 1266 118 1300 ab
140 1266 356 1312 inductione,
379 1267 578 1313 indigerent
599 1268 703 1303 noxis
723 1269 950 1304 adminiculis
971 1280 1035 1303 nec
1055 1270 1117 1304 ha-

71 1325 216 1360 beretur
235 1325 410 1360 certitudo
431 1326 578 1360 moralis
606 1327 645 1361 in
666 1327 856 1361 infinitum.
918 1328 985 1362 Sed
1014 1327 1117 1363 certi-

71 1383 158 1418 tudo
178 1385 334 1429 perfecta
354 1384 400 1418 ab
422 1384 629 1420 inductione
649 1385 783 1431 sperari
804 1386 912 1431 plane
932 1397 1007 1420 non
1035 1389 1115 1432 pot—

69 1445 133 1487 est,
162 1441 294 1476 additis
325 1442 593 1488 quibuscunque
620 1443 859 1489 adminiculis,
889 1447 923 1478 et
951 1443 1114 1490 proposi-

68 1501 204 1535 tionem
223 1501 331 1536 hanc:
363 1503 480 1536 totum
506 1500 624 1544 majus
644 1513 720 1537 esse
741 1512 805 1536 sua
825 1506 938 1549 parte,
961 1503 1038 1537 sola
1058 1502 1114 1536 in-

68 1559 234 1595 ductione
267 1569 452 1606 nunquam
481 1561 634 1606 perfecte
670 1561 832 1596 sciemus.

1152 1111 1154 1155 ι

1150 1178 1154 1304 J

1149 1306 1152 1391 l

2184 118 2234 161 71

1157 208 1160 216 '
1193 214 1363 261 prodibit,
1392 217 1453 263 qui
1482 217 1627 254 neffabit
1655 216 1702 252 ob
1728 216 1944 263 peculiarem
1973 218 2155 265 quandam
2180 227 2236 255 ra-

1193 272 1329 307 tionem
1351 274 1388 309 in
1408 275 1488 309 aliis
1509 276 1668 311 nondum
1690 276 1836 312 tentatis
1857 287 1978 312 veram
1999 289 2085 323 esse,
2113 288 2234 324 quem-

1192 330 1387 367 admodum
1408 344 1454 367 ex
1476 336 1568 369 tacto
1590 335 1720 370 scimus
1742 336 2012 381 Gregorium
2032 348 2053 371 a
2074 337 2110 373 S.
2133 337 2233 371 Vin-

1190 390 1344 425 centio
1366 402 1524 437 negasse,
1542 396 1659 428 totum
1674 406 1749 428 esse
1765 393 1881 438 majus
1897 405 1961 429 sua
1977 398 2090 441 parte,
2111 395 2150 429 in
2170 405 2233 430 an-

1190 448 1281 494 gulis
1302 450 1428 484 saltem
1449 455 1648 496 contactus;
1679 452 1768 487 alios
1795 452 1833 486 in
1861 453 2023 498 infinito3
2052 457 2088 488 et
2117 453 2231 489 Tho-

1156 496 1157 506 *
1191 516 1302 541 mam
1321 508 1523 554 Hobbes,
1554 509 1609 552 (at
1629 521 1734 555 quem
1761 510 1928 555 virumZ)
1950 511 2107 557 coepisse
2127 512 2232 548 dubi-

1154 564 1157 596 ,²
1189 568 1266 600 tare
1287 566 1331 601 de
1351 567 1595 613 propositione
1615 567 1677 602 illa
1697 569 1923 604 Geometrica
1939 580 1961 605 a
1976 570 2231 617 Pythagora

1154 632 1156 641 ¹
1191 624 1445 670 demonstrata,
1468 628 1503 660 et
1519 625 1749 662 hecatombae
1770 628 1941 663 sacrificio
1962 629 2069 675 digna
2088 629 2229 675 habita3

1189 682 1285 728 quod
1305 694 1371 729 ego
1392 694 1466 718 non
1487 683 1563 718 sine
1583 688 1727 731 stupore
1747 685 1827 731 legi.
1870 686 1990 732 Atque
2010 688 2046 722 hi
2063 691 2146 723 sunt
2167 699 2231 735 po-

1188 741 1318 775 tissimi
1338 741 1513 777 Nizolii
1535 743 1650 777 nostri
1670 754 1817 780 errores.
1847 744 1937 779 alios
1963 746 2096 791 partim
2123 750 2230 782 notu·

1189 799 1232 834 lis
1261 800 1431 846 inspersis
1458 800 1652 847 tetigimus,
1681 802 1813 848 partim
1840 803 1928 837 tales
1955 815 2030 839 esse
2052 804 2229 848 judicavi-

1188 869 1279 904 mus,
1307 862 1347 894 ut
1373 860 1419 895 ab
1447 862 1586 895 attento
1615 860 1757 905 lectore,
1779 860 1841 906 qui
1867 861 1951 896 haec
1977 865 2101 898 nostra
2127 875 2229 910 prae-

1187 917 1330 952 mittere
1351 917 1517 963 dignatus
1543 918 1600 963 sit,
1623 918 1839 964 deprehendi
1867 930 1942 954 non
1968 931 2100 966 magno
2120 933 2229 969 nego-

1187 1034 1254 1081 lor,
1285 1035 1516 1081 necessariae,
1546 1036 1761 1081 praefationi
1788 1036 1868 1070 finis
1898 1037 2136 1083 imponendus
2165 1043 2227 1074 est.

1188 1094 1224 1128 Si
1257 1094 1336 1139 quis
1369 1094 1515 1141 metuit,
1553 1105 1598 1129 ne
1636 1094 1764 1130 domus
1799 1098 1904 1141 porta
1931 1095 2105 1142 elabatur,
2134 1098 2229 1144 cogi-

1187 1154 1239 1187 tet
1274 1152 1413 1187 aditum
1453 1155 1618 1187 nostrum
1657 1156 1733 1188 tam
1767 1156 1928 1200 vastum,
1969 1154 2118 1191 domum
2153 1158 2229 1190 tam

1186 1221 1336 1257 parvam
1357 1222 1444 1257 esse,
1468 1211 1551 1257 quia
1568 1215 1694 1258 coepta
1714 1214 1768 1246 est
1788 1214 1951 1257 tantum3
1972 1213 2002 1247 si
2023 1218 2105 1260 post
2123 1214 2229 1260 Logi-

1186 1280 1276 1315 cam,
1299 1272 1520 1305 caeterarum
1547 1280 1689 1316 quoque
1714 1270 1871 1317 partium
1899 1270 2026 1306 similis
2060 1283 2229 1319 repurga-

1186 1328 1237 1362 tio
1259 1328 1454 1373 accesserit.
1477 1332 1556 1363 tum
1577 1330 1662 1364 faxo
1683 1333 1722 1363 ut
1751 1329 1787 1364 in
1812 1328 1949 1372 justam
1978 1330 2102 1365 onmia
2130 1341 2228 1375 sym-

1185 1386 1352 1421 metriam
1370 1387 1530 1433 redeant,
1553 1398 1619 1422 nec
1639 1387 1827 1434 quisquam
1849 1388 2003 1435 amplius
2024 1389 2069 1424 de
2089 1389 2229 1435 magni-

1184 1444 1308 1479 tudine
1337 1444 1438 1490 atrii,
1467 1445 1645 1491 parvitate
1671 1456 1775 1480 areae
1808 1450 2056 1492 conqueratur.
2122 1448 2229 1489 Quod

1183 1505 1355 1548 superest,
1392 1503 1483 1548 vale,
1514 1504 1641 1538 Lector
1674 1504 1859 1549 benevole,
1894 1508 1930 1539 et
1963 1505 2122 1541 stud1um
2157 1506 2228 1541 tuis

892 1560 982 1595 Mox
1016 1561 1112 1596 enim
1144 1563 1150 1610 1
1182 1561 1382 1597 commodis
1410 1562 1619 1598 consulendi
1639 1561 1727 1597 boni
1754 1563 1910 1598 consule.

1092 1918 1198 1977 VI.

633 2042 795 2120 DE
857 2043 1158 2121 VITA
1218 2043 1658 2121 BEATA.

142 2256 409 2294 (Autographum
436 2259 637 2288 Leibnitii
663 2261 802 2289 nondum
827 2261 956 2297 editum,
984 2262 1069 2295 quod
1094 2261 1125 2290 in
1151 2262 1280 2290 seriniis
1297 2261 1521 2290 Bibliothecae
1547 2261 1672 2295 Regiae
1696 2261 1936 2289 Hanoveranae
1969 2256 2154 2296 reperitur.)

124 2433 231 2469 Vita
265 2434 398 2469 beata
433 2438 499 2479 est,
536 2435 658 2469 animo
687 2436 840 2481 perfecte
869 2438 1041 2470 contento
1069 2446 1110 2470 ac
1142 2441 1146 2458 ³
1179 2435 1244 2469 hoc
1265 2435 1406 2470 ratione
1426 2434 1512 2481 ipsis
1533 2446 1606 2469 non
1627 2434 1811 2481 cupiendis
1832 2438 2029 2469 assuescat:
2051 2434 2223 2469 breviter:

68 2492 261 2537 tranquillo
290 2493 377 2538 frui,
399 2493 444 2528 ad
471 2504 580 2539 quam
609 2494 864 2540 acquirendam
892 2506 1034 2529 necesse
1056 2498 1110 2529 est
1142 2496 1145 2526 ζ

67 2555 103 2585 ut
125 2550 292 2596 quilibet:

124 2609 154 2643 l.
187 2609 342 2644 Conetur
363 2609 507 2654 ingenio
528 2621 592 2644 suo
613 2621 722 2656 quam
742 2612 874 2658 poterit
896 2612 1031 2658 optime
1056 2611 1108 2646 uti

66 2727 170 2771 beat,
206 2725 471 2772 cognoscenda3
506 2726 682 2761 brexiter:
717 2731 757 2762 ut
783 2728 923 2762 assidue
946 2728 1032 2773 quid
1055 2728 1108 2762 di-

68 2788 139 2820 ctet
159 2785 253 2820 ratio
268 2787 468 2830 cognoscat.
498 2784 591 2819 Hinc
606 2785 855 2830 Sapientia.

128 2843 163 2878 2.
185 2844 238 2878 Sit
260 2854 399 2889 semper
421 2842 459 2877 in
478 2842 583 2877 firmo
604 2853 645 2876 ae
660 2843 839 2878 constanti
862 2843 1048 2889 proposito
1065 2854 1107 2878 ea

68 2902 191 2937 omnia
217 2901 381 2947 faciendi,
411 2912 502 2947 quae
528 2912 591 2936 sua
619 2901 712 2936 ratio
739 2901 808 2947 ipsi
835 2901 1012 2946 suadebit,
1042 2912 1107 2936 nec-

67 2960 294 3007 passionibus
315 2964 376 2995 aut
404 2959 621 3006 appetitibus
651 2960 696 2995 ab
717 2959 782 2994 hoc
809 2959 939 2994 abduci
966 2970 1003 2993 se
1029 2970 1109 3005 per-

66 3019 205 3064 mittat,
226 3019 399 3054 breviter:
421 3022 461 3053 ut
480 3018 663 3065 cognitum
678 3017 774 3063 quod
795 3016 833 3051 in
853 3028 917 3052 sua
932 3020 1109 3063 potestate

71 3080 141 3123 est,
170 3077 336 3123 quicquid
359 3080 399 3112 ut
425 3077 646 3112 contrarium
666 3077 813 3111 affectus
833 3075 993 3120 suadeat,
1015 3086 1108 3110 asse-

64 3139 211 3182 quaturz,
231 3135 313 3170 hinc
332 3136 464 3170 Virtu
475 3147 501 3170 s.

125 3195 161 3229 3.
182 3194 356 3229 Attendat
378 3195 485 3240 quod,
508 3193 680 3240 quamdiu
703 3203 749 3227 ex
770 3191 910 3227 ratione
932 3194 1107 3236 quantum

64 3253 140 3287 fieri
159 3256 277 3299 potest
305 3264 343 3287 se
377 3253 480 3299 gerit,
503 3253 600 3288 bona
626 3251 701 3297 illa,
730 3251 858 3297 quibus
885 3253 971 3284 tunc
997 3254 1104 3296 caret,

63 3311 186 3346 omnia
204 3311 277 3346 sint
296 3310 461 3347 absolute
485 3314 590 3348 extra
615 3321 717 3346 suam
744 3312 970 3356 potestatem,
998 3312 1104 3356 atque

1178 2497 1228 2540 ut,
1251 2498 1433 2529 assecutus
1453 2494 1597 2539 cognita
1617 2497 1652 2528 et
1673 2504 1753 2528 cum
1774 2493 1915 2527 ratione
1935 2493 2103 2540 expedita
2132 2497 2167 2527 et
2187 2493 2224 2527 in

1177 2555 1355 2599 potestate
1375 2552 1578 2597 existentia,
1600 2552 1700 2586 nulla
1721 2552 1765 2586 de
1785 2563 1823 2586 re
1839 2551 2088 2603 conquerendo
2105 2551 2223 2597 acqui-

1141 2618 1143 2666 ]
1177 2614 1293 2656 escatg
1315 2611 1395 2645 hinc
1416 2610 1573 2645 Animi
1594 2609 1930 2655 tranquillitas.

67 2668 114 2702 ad
135 2678 188 2713 ea,
210 2678 300 2712 quae
320 2667 360 2701 in
380 2667 475 2701 vitae
503 2668 644 2703 casibus
671 2671 786 2704 facere
816 2670 873 2704 vel
902 2671 1023 2715 fugere
1048 2670 1108 2704 de·
1141 2668 1143 2682 ³

1610 2718 1731 2755 PARS
1756 2718 1781 2755 I.

1486 2787 1564 2829 DE
1602 2784 1913 2830 SAPIENTIA.

1235 2898 1475 2945 Sapientia
1509 2903 1564 2934 est
1603 2901 1759 2947 perfecta
1799 2911 1923 2936 earum
1957 2908 2093 2944 rerum,
2131 2907 2217 2942 quas

1176 2958 1284 2992 homo
1304 2958 1447 2993 noxisse
1474 2962 1603 3005 potest,
1625 2959 1785 3004 scientia,
1808 2970 1898 3005 quae
1926 2961 1959 2992 et
1986 2958 2079 2991 vitae
2107 2955 2218 3001 ipsius

1174 3016 1298 3062 regula
1337 3016 1384 3050 sit
1417 3020 1453 3051 et
1480 3017 1676 3052 valetudini
1712 3016 1974 3053 conservandae
2009 3013 2216 3058 artibusque.

1176 3074 1344 3110 omnibus
1364 3074 1591 3110 inveniendis
1612 3076 1794 3111 inserviat.
1854 3075 1902 3108 Ut
1930 3083 2012 3106 vero
2040 3071 2217 3106 discamus

1174 3136 1269 3169 recte
1290 3143 1394 3179 agere
1413 3134 1592 3169 rationem
1618 3134 1666 3169 ad
1694 3132 1905 3178 detegendas
1932 3130 2101 3164 veritates
2128 3140 2216 3175 quas

1174 3191 1392 3238 ignoramus,
1413 3196 1600 3238 sequentes
1621 3190 1886 3227 observationes
1905 3187 2120 3234 proderunt:

1237 3250 1270 3285 1.
1300 3250 1350 3285 Ut
1383 3250 1473 3285 nihil
1506 3261 1663 3296 unquam
1698 3247 1807 3283 veluti
1827 3256 1950 3280 verum
1983 3246 2215 3281 admittamus

1171 3308 1242 3343 nisi
1269 3309 1365 3356 quod
1392 3312 1466 3344 tam
1494 3309 1588 3344 clare
1620 3312 1656 3343 et
1690 3310 1763 3341 tam
1791 3304 1957 3340 distincte
1989 3304 2124 3340 rationi
2151 3315 2215 3339 no·
