2361 3643
593 122 725 158 LXIII.

101 230 175 256 esse
204 219 360 253 sormam
394 216 663 263 informantem,
700 227 763 251 seu
796 216 956 252 animam
989 215 1151 262 corporis

100 277 258 322 organici
280 287 371 323 quae
390 275 423 311 ei
445 276 678 322 personaliter
693 276 793 311 unita
813 278 879 321 est,
902 275 973 310 alia
988 274 1150 320 quaestio

99 339 165 383 est,
186 339 222 371 et
242 338 339 371 certo
361 345 466 370 sensu
487 335 523 370 in
545 334 779 381 praecedente
799 334 963 381 Epistola
983 332 1149 380 exposito

97 394 217 439 negari
239 397 369 441 potest.
400 394 508 429 Vides
529 394 611 429 hinc
631 393 740 428 etiam
760 393 840 429 tolli
861 392 1077 428 substantias
1096 392 1148 427 111-

95 454 305 500 001111110105,
329 456 529 488 monstrum
552 453 589 487 in
610 464 694 487 vera
715 452 952 498 Philosophia.

155 513 210 547 De
237 515 331 548 statu
359 512 500 547 animae
525 511 702 546 humanae
731 514 916 557 separatae
942 508 1030 545 nihil
1058 509 1146 545 certi

96 570 244 606 delinire
279 582 442 618 possum:
483 582 565 606 cum
601 572 740 616 praeter
775 569 940 613 Regnum
976 569 1145 615 Naturae,

95 629 151 665 hic
171 630 298 665 influat
318 631 482 675 Regnum
503 629 662 664 Gratiae.
723 628 794 664 Cur
814 630 936 663 autem
956 631 1052 664 certa
1072 638 1146 663 ma-

93 689 185 724 teria
200 689 352 725 secunda
367 688 436 735 ipsi
451 688 617 735 affigatur
632 698 746 734 usque
761 686 808 722 ad
822 686 1145 735 Resurrectionem,

92 758 238 783 causam
258 748 394 783 nullam
414 746 528 781 video.

152 807 235 842 Non
263 805 412 841 memini
441 805 559 840 dicere
586 805 683 851 quod
718 804 835 840 omnis
865 804 1072 840 Entelcchia
1099 804 1146 840 sit

92 866 257 912 spiritus,
287 864 481 910 malimque
502 864 593 899 hanc
613 863 893 910 appellationem
915 875 1056 899 serrare
1090 874 1145 898 ra-

92 923 286 959 tionalibus
313 922 544 958 Entelcchiis:
576 923 672 969 quod
700 934 773 958 11011
803 924 921 958 omnis
942 922 1145 958 Enteleehia

90 980 243 1018 rationis
265 982 312 1017 sit
331 992 457 1029 capax,
474 982 552 1025 jam
573 982 707 1017 dudum
729 981 818 1028 dixi,
839 992 920 1017 cum
936 993 1009 1017 non
1026 981 1143 1017 omnis

90 1042 139 1076 sit
158 1041 213 1076 sni
234 1041 388 1088 conscia,
410 1053 470 1076 seu
491 1041 664 1076 reflexivo
685 1044 766 1076 actu
787 1041 960 1087 praedita.
1008 1041 1085 1075 Hoc
1105 1040 1142 1075 ni

92 1101 199 1135 fallor
226 1100 461 1147 peripatetici,
489 1100 696 1135 Thomistae
724 1100 898 1147 inprimis,
929 1100 990 1146 qui
1014 1099 1142 1134 indivi-

87 1158 211 1194 sibiles
239 1162 437 1203 agnoscunt
462 1159 572 1194 etiam
591 1159 784 1194 Brutorum
804 1160 953 1205 animas,
982 1169 1056 1194 11011
1077 1158 1141 1193 ob-

89 1222 287 1253 servarunt.
338 1218 429 1253 Hinc
459 1218 647 1253 brutorum
675 1218 816 1253 animae
851 1228 1043 1264 personam
1070 1228 1142 1253 non

88 1276 234 1323 habent,
265 1279 300 1311 et
321 1277 471 1321 proinde
501 1278 597 1311 solus
617 1288 663 1311 ex
684 1277 778 1311 notis
799 1276 903 1311 1101115
924 1276 1142 1312 animalibus

87 1335 197 1370 homo
217 1336 323 1370 habet
347 1346 521 1381 personae
542 1335 866 1382 immortalitatem,
897 1335 1028 1382 quippe
1049 1346 1141 1381 quae

86 1394 126 1429 in
141 1394 377 1429 conscientiae
393 1394 447 1428 sui
468 1394 740 1429 conservatione
760 1394 935 1441 consistit,
959 1404 1140 1440 capacem-

83 1463 153 1499 que
173 1463 312 1498 poenae
332 1455 368 1487 et
382 1452 535 1498 praemii
555 1451 682 1487 reddit.

143 1513 257 1546 Grata
277 1510 346 1546 erit
363 1521 500 1557 eorum,
523 1522 614 1557 quae
631 1521 774 1557 sperare
790 1520 848 1544 me
865 1509 973 1554 jubes
993 1510 1141 1556 scripto·

84 1581 178 1618 rum,
207 1570 496 1617 communicatio,
526 1570 587 1605 sed
615 1569 675 1604 ubi
704 1569 845 1604 rediero
865 1569 1032 1615 domum,
1055 1580 1140 1604 nam

83 1629 179 1665 intra
213 1640 322 1664 unam
357 1630 552 1664 alteramve
587 1628 827 1675 septimanam
863 1629 1138 1673 Guelferbytum

82 1699 283 1724 excurram.
317 1690 469 1724 Gratum
485 1688 595 1723 etiam
610 1688 689 1735 erit,
709 1688 739 1722 si
756 1687 908 1723 subinde
925 1698 981 1723 me
997 1687 1136 1735 doceas,

83 1757 176 1792 quae
204 1748 241 1782 in
269 1750 389 1783 vestro
419 1747 565 1793 Ordine,
602 1750 664 1782 aut
699 1747 787 1782 alias
817 1746 855 1781 in
885 1758 922 1782 re
950 1747 1134 1794 litteraria,

84 1806 294 1852 praesertim
317 1816 430 1853 sacra,
451 1805 772 1853 Philosophieaque
787 1809 967 1853 gerantur,
993 1808 1028 1841 et
1048 1807 1136 1841 utile

83 1867 177 1900 esset
197 1864 330 1900 discere
350 1875 439 1911 quae
462 1864 598 1900 Romae
619 1864 855 1900 decernantur
876 1866 913 1900 in
936 1866 1135 1912 0011010ςο-

83 1923 253 1969 tionibus,
284 1923 381 1958 velut
401 1923 563 1970 Rituum,
595 1923 856 1971 Inquisitionis,
880 1924 1025 1972 Indicis,
1054 1928 1132 1972 etc„

80 1993 165 2017 nam
187 1982 273 2017 talia
292 1993 314 2017 a
335 1993 394 2017 me
414 1982 561 2017 minime
582 1986 808 2029 spernuntur.

139 2042 234 2083 Quid
244 2041 273 2075 si
284 2044 319 2076 tu
329 2052 469 2087 quoque
479 2042 508 2075 G
515 2041 650 2076 uelserb
655 2044 756 2085 ytum
765 2051 932 2076 excurras
942 2040 1132 2086 paulisper,

80 2111 162 2135 cum
178 2100 252 2135 illie
266 2101 350 2135 01οἒ
384 2101 461 2135 Erit
477 2100 526 2135 ibi
545 2102 697 2135 fortasse
713 2099 842 2145 aliquis
858 2099 994 2134 ordinis
1011 2098 1131 2145 vestri,
1164 2108 1165 2141 j

1164 2157 1165 2160 ’
1192 2156 1318 2203 1105515,
1340 2158 1379 2191 at
1398 2166 1516 2190 massa
1536 2166 1656 2190 rerum
1677 2158 1758 2189 actu
1779 2155 1894 2190 divisa
1915 2157 1978 2190 est.

81 2159 130 2194 ob
149 2170 293 2195 causam
314 2170 422 2205 quam
444 2170 517 2194 11011
538 2158 739 2204 ignorabis,
776 2157 881 2203 hujus
911 2160 1012 2204 grata
1033 2157 1133 2205 mihi,

81 2220 174 2253 sorte
201 2221 237 2254 et
265 2218 331 2252 tibi
359 2218 487 2253 notitia
517 2218 597 2254 erit.
645 2217 711 2253 Sed
740 2220 801 2252 tua
835 2216 999 2263 inprimis
1034 2220 1135 2263 grata

78 2276 148 2312 erit
175 2276 403 2312 serenissimo
426 2278 526 2324 Duci,
557 2288 619 2312 nec
647 2276 714 2311 tibi
736 2276 958 2320 negligenda.
1011 2277 1134 2321 ltaque

79 2335 123 2370 de
158 2336 223 2371 hac
258 2336 527 2371 excursiuncula
572 2335 786 2370 sententiam
827 2345 935 2381 quam
976 2335 1134 2381 primum

78 2398 240 2441 expecto.
273 2395 462 2430 Caeterum
483 2395 690 2441 significabo
712 2405 791 2429 00111
814 2393 899 2429 illuc
920 2394 990 2429 ibo.
1023 2394 1133 2440 Spero

80 2452 116 2487 id
138 2454 250 2488 facere
271 2454 482 2501 septimana,
505 2464 614 2499 quam
635 2464 714 2489 0105
736 2453 955 2488 inchoamus.
989 2454 1077 2488 Vale
1099 2456 1133 2488 et

78 2522 137 2547 me
157 2522 251 2546 ama.
284 2512 496 2548 Hanoverae
523 2513 583 2546 16.
607 2512 751 2547 Octobr.
779 2512 902 2547 1706.

613 2571 865 2606 Deditissimus

442 2628 600 2664 Godef.
633 2628 749 2664 Guil.
780 2627 1046 2665 Leibnitius

357 2802 719 2838 EPISTOLA
757 2803 850 2838 VIII.

80 2886 331 2923 Admodum
359 2885 611 2921 reverende
634 2886 785 2932 pater,
815 2886 970 2920 fautor
990 2884 1130 2920 hono-

479 2943 724 2989 ratissime,

136 3039 169 3073 A
184 3038 300 3073 reditu
321 3048 401 3073 meo
423 3039 526 3074 valde
547 3038 737 3073 distractus
760 3037 822 3072 sui.
862 3037 984 3082 Itaque
1005 3035 1128 3071 huma-

78 3095 237 3131 nissimis
258 3097 327 3132 tuis
348 3108 420 3132 non
436 3099 545 3144 prius,
567 3100 606 3132 ut.
620 3108 684 3144 par
699 3099 765 3142 est,
787 3095 1001 3141 respondere
1015 3095 1125 3130 licuit.

78 3153 222 3189 Gratias
242 3165 321 3202 ago,
343 3157 440 3202 quod
461 3156 609 3202 indIcas,
632 3157 664 3192 A
678 3155 877 3199 loysium
898 3154 1125 3188 Temmick

80 3223 211 3247 nomen
238 3223 313 3248 esse
341 3215 473 3259 fictum,
505 3219 540 3251 et
563 3218 658 3262 peto,
686 3217 725 3249 ut
753 3224 877 3248 verum
905 3223 963 3247 me
983 3212 1122 3248 doceas.
1152 3261 1153 3265 Ἰ

79 3271 156 3306 Ε151
172 3274 378 3307 autemnon
394 3274 544 3319 probem
560 3273 748 3320 primarias
763 3271 956 3308 sententias
976 3271 1125 3318 autoris,
1151 3309 1152 3317 ¹

787 122 856 158 AD
887 120 975 157 DES
1006 119 1169 156 BOSSES
1200 119 1463 156 EPISTOLAE
1494 120 1522 156 I.
1546 138 1599 144 -—
1622 120 1716 156 VIII.

2169 111 2252 158 441

1208 214 1383 260 sophandi
1411 213 1626 261 libertatem,
1658 225 1751 260 quae
1776 214 2054 251 aemulationem
2078 216 2193 264 parit,
2222 221 2257 254 et

1207 272 1348 319 ingenia
1371 273 1522 308 excitat:
1556 276 1681 308 contra
1702 273 1815 308 animi
1836 273 2005 310 servitute
2025 275 2253 324 dejiciuntur,

1207 341 1321 377 neque
1349 331 1485 378 aliquid
1505 332 1635 378 egregii
1655 332 1702 367 ab
1730 333 1773 367 iis
1795 336 1991 380 exspectes,
2012 335 2142 380 quibus
2163 335 2254 372 nihil

1206 390 1403 437 indulgeas.
1432 391 1558 436 Itaque
1577 390 1658 424 Itali
1681 393 1716 425 et
1737 391 1902 438 Hispani,
1924 403 2077 438 quorum
2098 394 2253 431 excitata.

1204 452 1286 485 sunt
1297 449 1452 496 ingenia,
1461 452 1535 484 tam
1546 458 1671 494 parum
1681 449 1718 483 in
1726 450 1956 496 Philosophia
1964 455 2157 499 praestant,
2169 455 2253 499 quia

1204 508 1310 543 nimis
1330 511 1522 543 arctantur.
1554 507 1653 548 Quae
1673 507 1949 552 Temmigius
1970 510 2030 545 ille
2046 512 2253 557 Pseudony-

1203 577 1283 602 mus
1304 566 1439 613 scribit,
1467 565 1608 612 publice
1628 566 1666 600 111
1688 566 1807 601 Gallia
1822 570 1964 602 tuentur
1985 570 2090 605 multi
2109 571 2251 607 eruditi.

1260 625 1409 672 Scripsit
1432 624 1521 660 olim
1548 624 1677 670 aliquis
1705 626 2002 661 concordiam
2023 629 2251 665 scientiae

1203 695 1298 719 00111
1320 684 1414 719 fide
1434 683 1499 718 sub
1521 683 1667 718 nomine
1687 682 1879 718 Thomae
1899 684 2114 722 Bonartis
2135 688 2251 724 Nord-

1203 742 1279 778 tani
1299 743 1420 790 Angli.
1480 742 1573 777 Eum
1602 753 1649 777 ex
1675 746 1793 777 vestro
1831 743 1939 778 fuisse
1967 745 2108 792 ordine,
2138 751 2174 782 et
2202 748 2250 783 ob

1203 802 1336 838 librum
1356 800 1646 847 reprehensiones
1662 800 1869 836 sustinuisse
1883 801 2011 837 didici:
2043 804 2160 850 ipsmn
2183 807 2250 842 viri

1202 872 1334 897 nomen
1373 860 1502 895 vellem
1543 860 1688 895 discere.
1755 860 1932 895 Beneficio
1975 865 2038 897 tuo
2080 863 2251 900 habemus

1202 921 1335 956 librum
1362 919 1450 966 ejus,
1482 918 1653 966 scriptum
1681 919 1858 964 eleganter
1888 922 1923 954 et
1949 919 2150 969 ingeniose,
2189 924 2250 959 sed

1203 979 1484 1015 obscuriuscule:
1525 978 1646 1024 itaque
1672 988 1747 1012 11011
1766 977 1853 1012 50115
1873 982 2039 1013 excutere
2059 980 2169 1016 licuit.
2215 983 2250 1017 Si

1201 1038 1269 1074 tibi
1290 1038 1401 1074 lectus
1420 1048 1491 1072 non
1512 1040 1578 1083 est,
1601 1040 1637 1072 et
1657 1036 1727 1080 legi
1747 1037 1874 1083 dignus
1894 1036 2046 1084 videtur,
2070 1039 2223 1075 mittam.

1259 1097 1351 1139 Quia
1372 1096 1439 1131 tibi
1459 1107 1540 1131 011111
1560 1096 1592 1130 T
1601 1095 1670 1130 riv
1679 1096 1800 1131 uitia
1810 1096 1879 1130 nis
1907 1098 2161 1133 commercium
2182 1102 2249 1147 est,

1200 1156 1292 1203 vide,
1329 1167 1476 1202 quaeso,
1508 1166 1556 1190 an
1584 1155 1751 1190 schedam
1780 1154 1957 1198 adjectam
1985 1155 2030 1190 iis
2063 1158 2252 1194 commode

1198 1215 1453 1251 communicari
1475 1225 1580 1260 110550
1600 1217 1713 1260 110105,
1741 1217 1780 1248 01
1801 1214 1915 1248 mensi
1935 1213 2042 1249 alicui
2065 1215 2250 1252 inseratur.

1200 1274 1286 1310 Mea
1305 1274 1402 1309 enim
1423 1274 1581 1320 interest,
1611 1276 1649 1307 ut
1678 1272 1868 1308 lectoribus
1884 1274 2023 1309 occasio
2045 1275 2187 1312 sinistre
2207 1276 2252 1312 de

1200 1345 1256 1369 me
1279 1333 1439 1378 meisque
1458 1333 1563 1367 rebus
1579 1331 1764 1376 judicandi
1784 1331 1975 1368 adimatur.

1258 1392 1341 1427 Non
1368 1391 1461 1426 bene
1489 1391 1605 1438 capio,
1634 1391 1720 1436 quid
1741 1392 1780 1426 P.
1802 1391 1960 1437 Perez,
1996 1392 2097 1435 cujus
2125 1397 2251 1429 notum

1200 1450 1289 1485 mihi
1311 1450 1497 1496 ingenium
1516 1453 1581 1495 est,
1604 1461 1667 1496 per
1688 1449 2008 1495 Metaphysica
2030 1451 2250 1488 indivisi-

1200 1509 1316 1543 bilia
1336 1508 1523 1554 intelligat,
1547 1508 1643 1553 quod
1661 1519 1707 1543 ex
1720 1508 1801 1543 aliis
1817 1507 1896 1551 ejus
1914 1508 2001 1544 loeis
2018 1511 2120 1545 facile
2137 1523 2248 1547 erues.

1198 1568 1234 1603 Si
1250 1567 1465 1611 intelligeret
1483 1567 1666 1612 monades,
1685 1566 2008 1603 1111111000501111101.
2031 1569 2078 1603 Et
2094 1570 2251 1616 spatium

1198 1637 1283 1662 sane
1312 1637 1358 1661 ex
1385 1626 1600 1661 monadibus·
1631 1637 1702 1660 non
1732 1625 1976 1671 componitur:
2022 1638 2112 1673 quae
2141 1640 2186 1664 an
2213 1632 2251 1665 et

1198 1685 1380 1721 Perezii
1408 1685 1453 1719 de
1482 1684 1554 1720 suis
1584 1684 1865 1720 indivisibilibus
1886 1683 2144 1732 Metaphysicis
2173 1699 2251 1724 sen-

1197 1744 1310 1780 tentia
1331 1744 1389 1790 sit,
1413 1744 1503 1780 scire
1524 1754 1543 1778 e
1564 1755 1603 1779 re
1625 1743 1712 1789 erit,
1743 1746 1837 1778 certe
1852 1742 2118 1781 Mathematicis
2139 1758 2250 1794 oppo-

1194 1804 1259 1839 nit.
1307 1804 1454 1839 Possem
1482 1803 1627 1838 interim
1655 1803 1721 1837 hac
1749 1802 1825 1845 ejus
1853 1802 1971 1849 phrasi
2003 1804 2049 1838 ad
2076 1806 2250 1841 monades

1195 1873 1292 1898 meas
1320 1862 1562 1907 designandas
1592 1862 1660 1897 uti:
1699 1872 1787 1907 quas
1815 1866 1850 1897 et
1878 1861 2072 1907 aliquando
2108 1867 2249 1901 atomos

1193 1921 1461 1968 Metaphysieas
1490 1932 1618 1956 vocare
1653 1920 1822 1965 memini,
1859 1920 1947 1955 item
1983 1923 2248 1959 substantiales.

1164 1980 1354 2026 vSpatium
1393 1991 1457 2026 per
1498 1991 1536 2014 50
1576 1979 1896 2014 111(Ιο101·111111011101
1936 1980 1983 2015 ad
2023 1992 2249 2028 quascunque

1164 2054 1166 2063 >
1193 2039 1382 2085 possibiles
1398 2037 1614 2083 divisiones3
1645 2049 1701 2072 res
1718 2038 1815 2072 enim
1837 2040 1890 2073 est
1910 2037 2047 2085 idealis,
2070 2043 2110 2075 ut
2129 2041 2248 2078 unitas

1193 2097 1395 2143 numerica,
1428 2106 1538 2142 quam
1565 2107 1630 2142 pro
1660 2096 1813 2131 arbitrio
1842 2096 1878 2130 in
1907 2097 2100 2134 fractiones
2128 2110 2247 2136 secare

1251 2214 1558 2250 Hartsoekeri
1580 2213 1680 2254 liber,
1703 2224 1810 2259 quem
1825 2213 1872 2248 ad
1888 2225 1945 2248 me
1961 2214 2072 2262 misit,
2091 2214 2189 2259 jacet
2208 2216 2245 2252 in

1192 2274 1294 2320 cista,
1315 2284 1423 2319 quam
1439 2273 1553 2308 adhuc
1568 2272 1736 2309 Berolino
1756 2275 1927 2319 expecto,
1958 2277 2143 2320 acceptum
2163 2275 2246 2311 mit-

1192 2335 1278 2367 tam.
1325 2332 1407 2367 Duo
1429 2332 1531 2378 ponit
1552 2331 1741 2378 principia,
1771 2342 1898 2378 nempe
1926 2335 2044 2378 partes
2073 2334 2246 2370 materiae

1191 2391 1281 2426 alias
1301 2393 1456 2438 perfecte
1475 2391 1612 2437 fluidas,
1642 2394 1678 2424 ct
1698 2390 1786 2424 alias
1807 2391 1961 2437 perfecte
1983 2391 2111 2427 firmas.
2144 2393 2245 2429 Hanc

1191 2450 1409 2496 hypothesin
1436 2450 1604 2494 vulgares
1633 2449 1932 2495 Philosophorum
1968 2450 2135 2486 notiones
2170 2464 2244 2488 non

1192 2510 1296 2544 facile
1315 2509 1569 2554 refutaverint,
1601 2507 1697 2554 apud
1718 2518 1775 2542 me
1797 2511 1891 2543 stare
1912 2520 1984 2543 non
2005 2512 2134 2555 potest.

1250 2568 1495 2603 Newtonus
1531 2568 1729 2613 (quantum
1764 2578 1856 2602 nunc
1885 2566 2049 2611 judicare
2084 2580 2241 2617 possum,

1192 2627 1278 2661 dum
1298 2626 1432 2662 librum
1453 2636 1657 2672 percurrere
1676 2636 1750 2660 non
1771 2626 1914 2672 vacat,)
1938 2626 2076 2666 videtur
2096 2629 2242 2665 demon-

1190 2684 1401 2720 strationem
1412 2684 1513 2719 vacui
1529 2695 1630 2719 suam
1647 2695 1719 2719 11011
1730 2687 1804 2719 10111
1813 2685 2016 2720 absolutam
2024 2687 2238 2733 exhibuisse,

1189 2754 1297 2790 quam
1318 2744 1515 2779 insinuasse
1535 2755 1570 2789 p.
1592 2743 1685 2778 346.
1717 2743 1980 2790 principiorum
1997 2749 2144 2781 naturae
2160 2747 2237 2781 Ma-

1188 2802 1474 2848 thematicorum,
1498 2801 1742 2848 experimenta
1756 2803 1911 2850 exhibet,
1933 2814 1980 2839 ex
1993 2804 2122 2850 quibus
2136 2807 2238 2850 putat

1187 2861 1341 2907 pendere
1377 2860 1724 2896 demonstrationem
1759 2862 1871 2897 vacui.
1931 2863 2007 2906 Ego
2043 2873 2127 2897 vcro
2161 2873 2234 2897 non

1187 2919 1304 2965 video,
1336 2919 1519 2965 quomodo
1548 2918 1720 2967 possibile
1750 2920 1797 2955 sit
1826 2922 2070 2967 experimenta
2094 2921 2234 2965 excogi-

1188 2978 1275 3025 tari,
1312 2978 1409 3013 unde
1436 2978 1521 3013 haec
1555 2979 1797 3014 controversia
1831 2983 1993 3015 accurate
2028 2978 2230 3024 definiatur,

1184 3047 1294 3082 qnam
1333 3047 1355 3071 a
1395 3037 1595 3072 rationibus
1635 3037 1739 3073 unice
1783 3039 1936 3084 pendere
1976 3047 2113 3071 censeO.
2172 3037 2231 3071 In-

1185 3095 1312 3142 spicies
1342 3095 1436 3131 hunc
1455 3096 1583 3143 locum,
1609 3107 1720 3144 quem
1740 3096 1947 3144 quaerebas,
1977 3099 2012 3130 et
2040 3094 2069 3129 si
2091 3094 2231 3131 videtur

1183 3153 1422 3190 examinabis.

1242 3212 1355 3248 Venio
1382 3212 1429 3248 ad
1456 3214 1720 3250 controversias
1749 3217 1946 3249 vestrorum
1955 3236 1965 3257 ,
2004 3212 2227 3257 optaveram-

1182 3281 1250 3317 que
1278 3271 1413 3307 odiosis
1441 3273 1607 3320 utrinque
1637 3272 1819 3309 abstineri.
1869 3269 1910 3305 Id
1938 3272 1993 3315 tu,
2031 3269 2226 3308 admodum

75 3332 238 3377 optarem
259 3332 378 3367 tamen
397 3332 542 3369 concedi
561 3332 689 3381 doctis,
718 3331 828 3369 ctiam
849 3330 990 3377 vestris,
1008 3329 1125 3367 Philo·
1151 3339 1153 3362 1
1182 3330 1390 3368 Reverende
1410 3332 1528 3379 Pater,
1557 3332 1659 3368 valde
1680 3330 1814 3377 laudas,
1837 3328 1945 3364 modo
1966 3328 2028 3363 fiat
2047 3329 2226 3377 utrinque.
